2436 3944
901 307 1301 363 Prolegomena.
1968 308 2055 350 VII

154 454 421 504 historiam
461 453 675 504 Domini
715 452 995 506 Saluatoris
1044 453 1282 505 uersibus
1331 454 1603 519 explicauit
1648 468 1743 504 nec
1787 453 2056 520 pertimuit

155 540 411 608 euangelii
451 540 778 592 maiestatem
820 541 913 593 sub
952 542 1105 594 metri
1132 541 1273 609 leges
1302 541 1551 601 mittere‘3
1595 541 1752 592 etiam
1779 541 1832 591 in
1855 540 2053 593 Comm.

154 725 326 769 Floruit
357 726 426 768 uir
456 726 538 769 iste
560 726 835 782 temporibus
858 727 1139 772 Constantini
1160 726 1386 782 principis.
1420 726 1591 770 Videtis
1615 727 1795 782 quidem
1817 727 1923 779 ista3
1956 742 2055 771 nec-

155 798 261 840 dum
292 798 378 841 ista
407 798 654 854 adoptionis
677 798 747 841 uel
770 799 1112 854 nuncupationis
1133 798 1323 841 haeresis
1346 798 1391 840 in
1414 799 1629 854 Hispania
1650 799 1748 842 fuit.
1791 798 1883 842 Aut
1903 800 2055 851 istum,

155 871 228 925 qui
259 871 376 926 apud
414 883 491 913 uos
525 870 807 914 doctissimus
839 873 981 914 exstat
1014 871 1239 926 magister,
1278 871 1549 914 haereticum
1589 871 1794 924 iudicate,
1835 872 1910 927 qui
1948 872 2057 915 dicit

152 942 270 985 hunc
302 943 445 986 Deum
477 957 568 985 esse
600 946 643 986 et
673 944 902 999 proprium
935 944 1077 986 filium
1110 944 1206 995 Dei,
1240 944 1315 998 qui
1348 957 1395 986 ex
1416 944 1598 998 Virgine
1631 946 1761 987 natus
1794 947 1859 987 est
1869 961 1879 996 3
1913 947 1989 987 aut
2020 944 2057 987 si

153 1014 281 1057 illum
313 1015 502 1072 recipere
534 1015 684 1067 uultis,
718 1018 914 1059 uestram
947 1016 1211 1059 sententiam
1246 1015 1467 1067 damnate,
1500 1016 1572 1058 uel
1603 1017 1743 1072 magis
1778 1017 1985 1072 corrigite
2007 1031 2056 1059 ex

153 1087 245 1130 eius
268 1101 410 1138 sensu,
444 1090 735 1132 consentanea
767 1089 842 1144 qui
873 1089 1042 1144 profert
1063 1089 1320 1132 testimonia
1342 1089 1504 1131 sanctis
1527 1089 1749 1141 Patribus,
1774 1089 1848 1144 qui
1871 1089 2056 1132 diuersis

154 1160 310 1203 mundi
342 1160 615 1216 temporibus
646 1175 723 1217 per
754 1161 927 1216 singula
959 1161 1204 1204 floruerunt
1233 1161 1341 1203 loca.

225 1233 561 1288 Freculphus
580 1234 808 1289 episcopus
826 1234 1108 1276 Lexouiensis
1126 1234 1173 1276 in
1191 1234 1409 1278 Chronico
1433 1234 1504 1289 (cf.
1523 1235 1660 1290 Mign.
1679 1237 1710 1278 t.
1732 1237 1826 1287 106,
1844 1248 1885 1290 p.
1908 1234 2056 1290 1201):

153 1305 372 1348 quencus
411 1305 677 1348 nobilissimi
715 1306 887 1360 generis
918 1306 1142 1362 Hispanus
1174 1305 1405 1361 presbyter
1443 1308 1632 1361 quatuor
1664 1306 1891 1362 euangelia
1926 1307 2056 1349 hexa-

155 1378 307 1420 metris
339 1377 539 1420 uersibus
578 1392 687 1434 pene
728 1378 783 1420 ad
815 1378 999 1421 uerbum
1032 1378 1303 1421 transferens
1344 1382 1534 1434 quatuor
1564 1379 1700 1422 libros
1734 1379 1982 1435 composuit
2013 1382 2057 1423 et

155 1450 365 1493 nonnulla
398 1450 551 1493 eodem
582 1453 724 1494 metro
756 1451 811 1493 ad
834 1453 1211 1494 sacramentorum
1235 1451 1435 1494 ordinem
1458 1452 1736 1507 pertinentia.
1770 1451 1945 1495 Floruit
1976 1451 2055 1494 sub

155 1522 447 1566 Constantino
478 1523 689 1579 principe.

225 1595 336 1638 Ado
358 1595 683 1638 Viennensis
715 1596 762 1639 in
795 1597 999 1640 chronico
1034 1597 1114 1640 sub
1139 1597 1430 1642 Constantino
1463 1597 1535 1653 (cf.
1560 1597 1697 1652 Mign.
1721 1599 1752 1641 t.
1779 1599 1875 1650 123,
1897 1611 1936 1652 p.
1962 1597 2055 1653 92):

153 1668 305 1710 Retius
338 1667 751 1723 Augustodunensis
791 1669 1018 1725 episcopus
1058 1669 1365 1712 celeberrimae
1410 1669 1552 1712 famae
1594 1670 1782 1712 habetur
1821 1671 1863 1712 et
1895 1670 2056 1712 quen—

155 1754 230 1782 cus
269 1740 496 1796 presbyter
528 1741 753 1796 Hispanus
792 1742 866 1796 qui
903 1742 1168 1785 hexametris
1201 1742 1399 1785 uersibus
1440 1745 1631 1797 quatuor
1670 1742 1806 1785 libros
1839 1742 2056 1797 euangelii

156 1813 414 1868 composuit.

227 1886 377 1942 Hugo
411 1886 852 1942 Trimbergensis
892 1887 963 1942 (cf.
998 1887 1255 1943 Registrum
1294 1887 1539 1930 multorum
1573 1889 1805 1930 auctorum
1842 1902 1882 1930 u,
1915 1890 2000 1933 408
2024 1902 2054 1929 S.

155 1957 222 2001 ed.
254 1958 485 2014 Huemer):

559 2032 793 2087 quencus,
827 2033 1105 2087 euangelicus
1138 2033 1270 2075 etiam
1303 2035 1444 2088 poeta,

562 2105 769 2160 Sequitur
801 2105 1028 2148 Sedulium
1063 2105 1143 2148 sub
1177 2106 1321 2160 equali
1355 2108 1485 2157 meta,

561 2177 701 2229 Quem
733 2180 777 2220 et
807 2178 853 2220 in
887 2178 1083 2232 catalogo
1116 2178 1363 2220 Ieronimus
1394 2178 1596 2220 laudauit

560 2250 617 2292 Et
650 2250 701 2292 de
733 2250 1006 2304 breuiloquio
1039 2250 1145 2293 satis
1179 2250 1520 2292 commendauit.

561 2322 747 2378 Scripsit
778 2323 849 2365 hic
881 2323 925 2364 in
958 2325 1156 2378 tempore
1189 2323 1304 2377 regis
1338 2323 1617 2367 Constantini

562 2394 645 2447 Qui
678 2397 721 2437 et
753 2395 896 2437 cultor
927 2395 1096 2437 exstitit
1127 2395 1269 2450 operis
1304 2395 1464 2437 diuini:

561 2469 808 2512 Imnortale
838 2470 907 2511 ‘nil
938 2469 1098 2511 mwnclz'
1129 2482 1326 2524 conpaqc
1357 2473 1538 2518 tenetur,

561 2542 672 2586 Non
703 2556 835 2595 mare,
868 2556 960 2585 non
991 2542 1133 2595 tellus,
1165 2556 1257 2584 mm
1287 2542 1419 2596 tequea
1450 2542 1601 2584 sidera
1632 2542 1713 2585 celi
1741 2543 1745 2594 Ι
1775 2542 1953 2584 Nam..

229 2655 505 2699 Conradus
523 2656 937 2711 Hirsaugiensis
967 2656 1012 2698 in
1036 2656 1209 2710 dialogo
1234 2669 1363 2711 super
1380 2658 1579 2698 auctores
1598 2670 1639 2711 p.
1659 2659 1711 2699 41
1735 2656 1816 2711 (ed.
1832 2656 2055 2712 Schepss):

159 2762 182 2778 ,.
219 2765 225 2771 .
262 2764 268 2771 .
303 2728 407 2771 Fuit
445 2731 596 2771 auctor
635 2729 751 2771 idem
792 2728 1064 2784 temporibus
1098 2728 1377 2772 Constantini
1409 2729 1633 2783 principis,
1673 2728 1898 2783 Hispanus
1938 2728 2054 2771 idem

159 2803 202 2843 et
234 2801 497 2843 nobilissimi
530 2802 715 2856 generis,
749 2801 980 2843 exametris
1013 2800 1212 2842 uersibus
1246 2803 1433 2855 quatuor
1453 2801 1587 2843 libros
1612 2801 1663 2842 de
1686 2801 1925 2855 euangeliis
1946 2814 2055 2856 pene

159 2873 344 2916 uerbum
384 2874 438 2916 ad
477 2874 665 2917 uerbum
705 2874 973 2916 transferens
1013 2876 1056 2916 et
1095 2873 1307 2915 nonnulla
1346 2873 1497 2915 eodem
1538 2875 1678 2915 metro
1717 2873 1771 2914 ad
1810 2886 2054 2915 sacramen-

161 2948 305 2988 torum
338 2947 534 2989 ordinem
568 2946 859 3002 pertinentia‘.

232 3018 504 3061 Honorius
543 3018 1065 3074 Augustodunenses
1105 3018 1157 3060 de
1197 3018 1346 3073 script.
1379 3017 1480 3060 eccl.
1511 3017 1532 3059 Ι
1565 3031 1598 3061 c.
1630 3021 1684 3062 85
1717 3017 1800 3073 (ed.
1827 3017 2055 3059 Fabricius

160 3104 199 3144 p.
225 3091 315 3145 78):
348 3091 566 3133 quencus
600 3091 864 3133 nobilissimi
897 3091 1068 3145 generis
1091 3090 1315 3146 Hispanus
1348 3089 1578 3145 presbyter
1610 3092 1797 3143 quatuor
1828 3089 2056 3143 euangelia

159 3163 424 3205 hexametris
457 3163 657 3205 uersibus
690 3166 877 3218 quatuor
907 3163 1031 3205 libris
1064 3163 1312 3217 composuit
1344 3164 1386 3204 et
1418 3162 1629 3204 nonnulla
1662 3162 1813 3204 eodem
1838 3164 1977 3203 metro
2001 3161 2052 3202 ad

162 3237 537 3277 sacramentorum
570 3235 768 3277 ordinem
801 3235 1079 3290 pertinentia.
1113 3234 1285 3276 Floruit
1319 3234 1398 3276 sub
1433 3233 1736 3277 Constantino.

232 3306 500 3349 Iohannes
541 3308 880 3350 Trithemius
928 3307 979 3349 de
1021 3307 1168 3362 script.
1212 3306 1314 3349 eccl.
1357 3320 1390 3348 c.
1432 3308 1505 3350 62:
1561 3306 1780 3348 quencus
1825 3304 2052 3360 presbiter,

162 3379 337 3420 natione
369 3379 606 3434 HispaiiuS‚
640 3381 709 3421 uir
741 3379 899 3422 nobilis
932 3382 1061 3433 atque
1096 3379 1376 3421 doctissimus
1400 3378 1700 3433 philosophus,
1734 3380 1872 3433 poeta,
1907 3376 2055 3418 rhetor

163 3454 205 3493 et
235 3451 465 3505 theologus
505 3451 689 3506 insignis
730 3454 773 3493 et
812 3465 899 3493 non
939 3452 1086 3493 minus
1119 3451 1449 3493 conuersatione
1483 3464 1613 3505 quam
1646 3450 1828 3492 scientia
1867 3448 2053 3503 scriptu-

163 3536 310 3564 rarum
343 3523 545 3565 ecclesiae
578 3523 854 3575 uenerabilis,
895 3523 1034 3565 edidit
1065 3536 1143 3578 pro
1177 3522 1476 3564 aedificatione
1509 3522 1751 3577 legentium
1790 3524 1882 3562 tam
1914 3523 2054 3561 metro

164 3608 294 3648 quam
326 3609 453 3649 prosa
486 3595 625 3638 multa
656 3595 879 3650 praeclara
901 3595 1141 3645 uolumina,
1174 3594 1249 3636 sed
1271 3609 1410 3649 pauca
1432 3609 1582 3637 eorum
1606 3593 1660 3635 ad
1685 3593 1886 3635 notitiam
1911 3605 2051 3633 meam
