2436 3944
855 296 894 340 G
913 311 933 340 e
952 312 979 339 n
999 311 1020 340 e
1040 297 1126 339 sis
1176 295 1447 346 43‚2—45,28
2035 301 2103 351 53

507 474 532 516 9
573 460 807 511 futurum
833 460 1161 526 increpitant.
1191 477 1345 526 quem
1378 463 1591 512 nectant
1617 460 1847 523 crimina,
1875 476 2103 512 seruum.

482 562 531 607 11
576 548 821 599 adnuitur
860 548 1138 614 cunctique
1181 549 1340 599 simul
1381 564 1475 600 sua
1513 549 1743 615 pondera
1780 548 2031 615 pandunt,

212 634 350 686 1410
484 649 536 691 12
579 634 1019 706 quaesitum[qne]
1078 638 1129 688 et
1182 638 1432 704 poculum
1486 639 1732 705 retegunt
1792 637 2108 703 fratremque

1644 724 1962 792 relinquunt,

479 826 534 868 14
573 814 923 879 Iosepumque
964 815 1151 880 petunt
1185 816 1251 876 et,
1295 830 1426 880 quae
1468 814 1573 866 sint
1619 818 1785 882 gesta,
1835 816 2109 880 loquentes

576 903 832 954 euoluunt
872 902 970 954 cari
1015 903 1291 955 confestim
1331 903 1475 954 iussa
1514 903 1759 970 parentis.

366 991 437 1043 45
510 1005 533 1046 1
573 993 842 1058 permotus
883 992 1125 1059 precibus
1166 993 1315 1043 uates
1357 992 1621 1043 discedere
1662 995 1879 1044 cunctos

511 1093 536 1134 3
574 1083 796 1147 imperat
837 1096 895 1132 ac
936 1096 1050 1132 sese
1091 1097 1397 1148 germanum
1436 1081 1683 1132 fratribus
1722 1080 1854 1134 infit.

206 1170 346 1220 1415
509 1182 533 1224 5
576 1169 726 1220 defixi
763 1170 968 1237 riguere
1007 1172 1153 1221 metu
1191 1170 1457 1236 tacitoque
1496 1172 1643 1221 reatu

577 1258 882 1310 damnantes
925 1274 1039 1310 sese
1082 1259 1328 1311 cohibent
1367 1258 1643 1310 formidine
1683 1274 1858 1311 uoces

573 1348 831 1413 prolectat
869 1363 988 1399 mox
1026 1347 1116 1398 ille
1156 1363 1271 1399 reos
1312 1347 1630 1414 propiusque
1671 1348 1875 1400 uocatis

509 1449 534 1491 9
578 1435 750 1503 exigit,
792 1438 852 1486 ut
893 1436 1032 1487 dicta
1069 1437 1279 1503 portent
1317 1436 1574 1502 placitura
1611 1437 1828 1503 parenti.

577 1540 706 1590 quae
735 1524 853 1584 sint,
883 1540 1011 1591 quae
1045 1525 1253 1588 fuerint,
1282 1541 1413 1592 quae
1446 1542 1563 1577 mox
1611 1528 1832 1577 uentura
1865 1525 2110 1590 ferantur,

207 1614 348 1664 1420
481 1625 535 1668 10
574 1612 831 1680 instigans
871 1613 1094 1681 migrare
1135 1630 1330 1677 senem‚
1373 1614 1724 1682 gregibusque
1765 1613 1960 1666 coactis

575 1701 779 1753 uicinos
818 1701 1049 1753 Arabum
1092 1703 1251 1754 colles
1291 1703 1626 1754 uenientibus
1669 1703 1832 1765 offert,

481 1804 533 1845 11
576 1794 635 1840 ut
675 1790 795 1856 quia
836 1791 1082 1842 continuo
1123 1792 1283 1843 tellus
1323 1791 1456 1843 foret
1496 1791 1637 1842 arida
1675 1792 1861 1849 lustro,

574 1881 812 1946 pasceret
852 1882 1067 1947 agnatos
1110 1880 1374 1948 congestis
1415 1880 1655 1948 frugibus
1698 1898 1894 1933 omnes,

481 1982 532 2023 16
573 1969 674 2019 ista
715 1971 767 2019 et
808 1969 946 2020 dicta
985 1969 1085 2020 uiri
1124 1970 1260 2022 laeto
1302 1985 1387 2020 rex
1427 1973 1635 2037 pectore
1677 1971 1847 2022 noscit

206 2057 346 2107 1425
482 2070 533 2112 17
575 2058 924 2124 losepumque
963 2060 1115 2126 rogat
1155 2074 1390 2110 carorum
1432 2059 1703 2110 adsumere
1743 2060 1967 2123 turbam,

578 2148 628 2197 et
667 2147 894 2214 gratuita
933 2146 1081 2198 iubet
1119 2148 1379 2215 germanis
1421 2148 1621 2199 tradere
1660 2148 1809 2199 farra.

482 2249 533 2290 21
580 2235 766 2286 dantur
803 2236 1035 2302 plaustra
1078 2236 1222 2297 uiris,
1265 2236 1605 2289 frumentum.
1646 2237 1851 2303 pocula,
1892 2235 2058 2303 panis,

481 2336 535 2378 23
577 2339 867 2391 magnaque
908 2326 1176 2391 gestantes
1219 2324 1477 2376 desudant
1514 2325 1743 2392 pondera
1781 2324 1928 2376 muli.

480 2425 534 2466 22
578 2412 764 2463 dantur
789 2413 1016 2479 quinque
1042 2415 1196 2480 togae
1222 2413 1528 2465 Beniamino
1558 2416 1610 2464 et
1635 2413 1861 2479 quinque
1894 2411 2111 2479 parenti,

208 2501 349 2551 1430
481 2513 535 2555 23
575 2502 867 2552 tercentum
909 2504 960 2553 et
998 2503 1199 2553 nummi
1240 2503 1443 2570 signata
1480 2502 1669 2554 incude
1710 2501 1891 2554 notati.

482 2601 536 2642 22
580 2591 661 2640 ast
700 2589 787 2640 alii
825 2590 1044 2642 iuuenes
1085 2591 1340 2642 mercedis
1380 2591 1534 2641 laude
1576 2590 1806 2642 secunda

578 2678 841 2744 accipiunt
880 2680 1116 2747 geminos
1157 2680 1371 2732 niuosae
1412 2680 1579 2731 uestis
1622 2680 1863 2731 amictus.

482 2779 536 2820 26
578 2767 703 2818 haec
744 2767 835 2818 ubi
876 2769 1125 2835 cognouit
1164 2769 1382 2835 genitor.
1427 2768 1545 2818 data
1584 2784 1800 2819 munera
1841 2784 2053 2821 sumens

417 2868 470 2909 27
491 2868 546 2910 28
579 2856 799 2922 respirat
837 2857 1005 2922 patria
1045 2856 1268 2908 festinus
1311 2857 1490 2908 cedere
1531 2859 1665 2908 terra

212 2944 352 2994 1435
581 2943 982 3010 Aegyptumque
1022 2945 1169 3011 petit,
1210 2945 1442 2995 Arabum
1482 2961 1611 3011 quae
1651 2946 1888 3013 iungitur
1928 2945 2083 3008 aruis,

272 3118 384 3161 1408
417 3118 611 3161 furatum
644 3119 873 3162 Areualus
950 3120 1220 3176 increpitans
1252 3121 1292 3163 G
1354 3125 1537 3165 nectans
1567 3122 1609 3166 G
1679 3124 1858 3167 crimine
1884 3125 2115 3168 Areualus

212 3192 324 3234 1410
373 3193 711 3248 quaesitumque
761 3196 806 3235 et
852 3194 1059 3249 poculum
1084 3194 1176 3237 AG
1210 3209 1293 3250 que
1329 3196 1465 3250 ἀώρ
1589 3197 1701 3240 1411
1752 3198 1842 3240 sint
1870 3198 1911 3241 G
1944 3201 2048 3240 sunt
2072 3198 2115 3240 A

213 3265 325 3307 1413
342 3265 573 3321 praecibus
592 3266 683 3309 AG
739 3268 855 3309 uatis
874 3268 966 3310 AG
1051 3269 1164 3311 1415
1191 3268 1311 3311 difixi
1329 3270 1372 3311 A
1459 3271 1572 3312 1416
1591 3271 1712 3313 uocis
1737 3271 1796 3313 Gl
1883 3272 1995 3314 1417
2014 3285 2114 3327 pro-

212 3338 331 3391 prius
357 3337 448 3380 AG
498 3340 535 3391 (r
579 3339 629 3380 in
674 3353 764 3381 ras.
804 3340 865 3393 G)
984 3341 1275 3383 1418-1420
1325 3342 1484 3383 desunt
1515 3342 1559 3383 A
1674 3344 1787 3386 1419
1836 3347 2039 3386 serantur
2074 3342 2116 3386 G

212 3408 322 3451 1421
357 3410 480 3451 collis
518 3409 575 3452 G¹
671 3413 783 3453 1424
816 3413 904 3454 ista
936 3413 1095 3456 &dicta
1127 3414 1170 3455 A
1201 3414 1285 3456 ista
1322 3415 1491 3457 ecdicta
1529 3415 1569 3458 G
1670 3416 1783 3458 1427
1816 3417 2038 3459 frumenta
2074 3415 2115 3458 G

212 3496 345 3536 panes
371 3483 414 3523 A
507 3483 619 3525 1429
655 3488 698 3525 et
732 3499 784 3527 Ν.
810 3486 853 3526 A
947 3486 1059 3527 1431
1094 3485 1204 3528 Ast:
1230 3487 1269 3529 A
1293 3488 1342 3529 in
1374 3502 1464 3530 ms.
1493 3489 1553 3530 al.
1589 3502 1642 3531 m.
1674 3488 1715 3531 G
1810 3490 1921 3531 1435
1958 3489 2113 3545 aegip-

209 3555 373 3598 tun124
436 3558 566 3612 quae]
600 3558 708 3612 q211

704 3795 741 3808 ..ἱ

2256 906 2369 952 1355

2254 1357 2369 1401 1360

2256 1788 2369 1835 1365

2256 2241 2371 2286 1370

2257 2691 2372 2734 1375
