2436 3944
376 335 485 378 VIII
1117 328 1516 383 Prolegomena.

374 484 426 533 in
466 482 652 534 Matt-h.
683 481 707 531 Ι
733 479 781 545 2,
814 478 895 543 11,
925 478 1025 528 uol.
1055 476 1172 541 VH,
1201 492 1250 543 p.
1286 474 1351 524 14
1380 474 1479 542 (ed.
1509 473 1697 543 Vall.):
1742 473 2115 539 ,Pulcherrime
2157 492 2272 527 mu-

375 586 555 622 nerum
597 568 919 619 sacramenta
957 565 1217 615 quencus
1258 561 1531 630 presbyter
1572 577 1692 613 cum
1731 562 1989 614 uersiculo
2037 578 2272 631 compre-

374 657 573 708 hendit:
622 654 726 703 Tus
755 670 951 703 aurum
979 651 1270 720 myrrham,
1312 649 1528 719 reqique
1557 648 1862 718 hominique
1890 649 2086 719 deoque
2111 650 2273 702 Dona

364 737 598 812 ferunt?
661 741 870 794 Saeculo
923 755 1044 791 uero
1096 738 1390 805 insequenti
1438 736 1676 790 Gelasii
1724 738 1990 790 decretum
2035 739 2163 791 illud
2210 740 2271 791 de

374 832 513 882 libris
554 830 856 896 recipiendis
905 829 989 879 uel
1037 843 1139 879 non
1179 826 1489 894 recipiendis
1530 826 1746 877 quenci
1786 841 1996 878 carmen
2041 827 2094 877 in
2134 827 2272 878 hunc

375 919 582 968 modum
611 917 859 983 approbat
887 918 937 967 et
965 915 1222 966 collaudat
1250 913 1314 981 (c.
1345 912 1462 981 34):
1508 913 1657 978 ,Item
1687 914 1903 965 quenci
1931 914 2271 966 nihilominus

373 1005 683 1056 laboriosum
723 1020 848 1071 opus
890 1019 990 1054 non
1033 1002 1325 1069 spernimus
1369 1001 1456 1052 sed
1499 1001 1781 1053 miramur‘.
1804 1000 1844 1070 1)
1911 1001 2079 1067 Quam
2118 1003 2271 1071 longe

373 1093 576 1158 lateque
624 1107 680 1142 eo
733 1094 964 1158 tempore
1005 1090 1219 1140 quenci
1272 1105 1482 1140 carmen
1529 1079 1875 1157 propagatum
1926 1089 2101 1156 fuerit,
2153 1090 2271 1141 inde

373 1180 608 1244 conicias,
657 1179 789 1244 quod
837 1195 954 1229 eum
1002 1180 1238 1229 auctores
1286 1192 1387 1228 non
1436 1177 1587 1243 pauci
1624 1177 1727 1228 iam
1771 1179 1894 1229 sunt
1930 1177 2121 1229 imitati
2160 1178 2271 1244 ut2)

374 1272 544 1320 auctor
573 1268 810 1319 carminis
842 1267 1088 1318 aduersus
1117 1265 1435 1317 Marcionem
1466 1264 1552 1332 (cf.
1582 1264 1719 1332 Aug.
1745 1264 1867 1331 Oxe,
1896 1265 2273 1334 Prolegomena

373 1358 430 1407 de
472 1357 696 1408 carmine
738 1356 983 1407 aduersus
1024 1354 1343 1406 Marcionem
1382 1370 1431 1420 p.
1462 1352 1547 1419 33,
1588 1353 1858 1419 Manitius,
1900 1353 2142 1422 Beitrage
2184 1370 2273 1405 zur

372 1444 676 1496 Geschichte
705 1443 1147 1494 friihchristlieher
1175 1442 1392 1493 Dichter
1418 1442 1491 1492 im
1519 1441 1828 1493 Mittelalter
1861 1458 1909 1508 p.
1942 1439 2051 1509 23),
2094 1444 2272 1493 auctor

372 1531 610 1581 carminis
653 1531 711 1580 de
750 1530 1074 1596 prouidentia
1114 1530 1307 1595 diuina,
1350 1529 1484 1596 quod
1524 1530 1756 1596 plerique
1785 1530 2038 1597 Prospero
2081 1529 2272 1581 adscri-

369 1750 671 1802 pcruenerunt.
706 1748 834 1803 Legi
867 1762 974 1804 opus
1006 1749 1177 1804 insigne
1211 1749 1327 1804 quod
1358 1748 1625 1791 hexametris
1656 1747 2102 1804 pentametrisque(‘?)
2134 1747 2271 1790 uersi-

368 1819 448 1862 bus
490 1821 747 1875 composuit,
789 1821 840 1863 de
881 1825 1067 1876 quatuor
1106 1822 1345 1877 euangeliis
1383 1821 1521 1864 libros
1561 1822 1636 1873 IV,
1678 1821 1729 1864 de
1771 1821 2059 1865 sacramentis
2090 1820 2167 1864 lib.
2201 1821 2271 1872 II;

369 1896 536 1935 caetera
568 1907 674 1948 quae
708 1895 1002 1949 composuisse
1036 1895 1210 1947 dicitur,
1244 1895 1297 1937 ad
1332 1909 1488 1937 manus
1513 1897 1687 1938 nostras
1711 1908 1798 1938 non
1821 1896 2052 1937 uenerunt.
2102 1892 2273 1938 Claruit

370 1965 449 2007 sub
484 1966 771 2009 Constantino
805 1981 964 2022 magno
998 1970 1041 2010 et
1072 1967 1217 2011 filiis
1251 1969 1363 2010 eius
1398 1981 1512 2011 anno
1546 1968 1713 2011 domini
1747 1967 1993 2013 CCCXXX.

445 2039 636 2081 Petrus
676 2039 936 2092 Crinitus,
979 2041 1031 2083 de
1070 2041 1209 2096 poetis
1248 2041 1344 2084 Lat.
1377 2042 1415 2084 V
1455 2056 1488 2085 c.
1520 2045 1595 2087 88:
1636 2042 1856 2085 quencus
1902 2042 2046 2097 poeta,
2094 2040 2271 2083 natione

374 2113 607 2168 Hispanus,
642 2113 811 2155 familia
842 2114 1006 2169 insigni
1037 2115 1311 2170 maximeque
1344 2115 1508 2158 illustri
1540 2118 1670 2158 natus
1706 2117 1784 2167 est,
1823 2117 1873 2158 ut
1913 2114 1966 2157 ab
1998 2114 2272 2169 Hieronymo

375 2187 572 2228 traditur.
614 2187 851 2242 Praecipue
883 2187 1033 2230 floruit
1053 2188 1374 2244 imperantibus
1399 2188 1659 2233 Constantio
1683 2192 1727 2232 et
1749 2188 2011 2232 Constante:
2045 2201 2130 2243 qua
2160 2189 2272 2230 tem-

373 2262 538 2313 pestate
579 2260 622 2301 in
662 2260 909 2314 eloquentia
948 2262 1065 2317 apud
1097 2262 1277 2304 Latinos
1318 2262 1425 2305 clari
1464 2262 1648 2305 fuerunt
1679 2261 1942 2305 Tiberianus
1974 2260 2189 2304 Nazarius
2231 2262 2274 2302 et

374 2331 550 2373 Flauius
583 2332 808 2388 Vopiscus,
850 2334 921 2388 qui
964 2334 1015 2376 de
1055 2335 1189 2389 gestis
1222 2335 1525 2378 Romanorum
1556 2335 1811 2391 principum
1842 2334 1978 2378 libros
2011 2332 2270 2389 composuit.

373 2404 493 2445 inter
525 2405 609 2446 alia
639 2408 853 2460 poemata,
887 2420 995 2462 quae
1029 2408 1235 2451 dicuntur
1268 2409 1320 2451 ab
1355 2409 1439 2451 alio
1470 2409 1602 2461 edita,
1636 2408 1812 2464 scripsit
1834 2410 2024 2463 quatuor
2045 2406 2273 2461 euangelia

372 2476 633 2520 hexametris
667 2479 896 2522 uersibus.
923 2516 929 2522 .
957 2516 963 2523 .
1016 2481 1235 2524 luuencus
1269 2482 1439 2537 aliquot
1469 2483 1659 2537 hymnos
1693 2482 1810 2533 fecit,
1851 2480 2010 2536 quibus
2042 2479 2173 2522 facile
2206 2479 2271 2521 in-

375 2548 537 2591 dicauit
576 2564 618 2592 se
658 2551 820 2606 optime
861 2554 1070 2596 meritum
1112 2555 1162 2597 de
1201 2555 1412 2610 religione
1452 2555 1716 2599 Christiana.
1770 2555 1923 2610 Neque
1965 2553 2152 2597 dubium
2193 2554 2270 2603 est,

374 2619 505 2662 fuisse
544 2622 670 2665 illum
714 2625 829 2667 inter
869 2627 1114 2669 sacerdotes
1163 2628 1438 2680 christianos,
1480 2631 1531 2671 ut
1577 2631 1747 2671 ueteres
1796 2630 1996 2671 auctores
2035 2628 2270 2670 testantur.

374 2693 511 2734 Diuus
545 2695 839 2751 Hieronymus
879 2699 1041 2741 alicubi
1080 2701 1239 2756 repetit
1270 2701 1454 2744 quenci
1497 2701 1695 2745 carmina
1734 2714 1921 2756 eumque
1961 2702 2012 2743 ut
2043 2698 2269 2742 eruditum

374 2769 415 2806 et
449 2766 689 2821 elegantem
721 2773 897 2824 poetam
930 2774 1223 2818 commendat.

445 2839 508 2879 Dc
549 2842 840 2886 recentiorum
879 2846 1144 2889 testimoniis
1179 2847 1377 2890 conferas
1408 2848 1662 2891 Erhardum
1694 2847 2026 2891 Reuschium
2065 2845 2112 2888 in
2146 2858 2270 2901 prae—

374 2910 536 2953 fatione
570 2914 784 2967 editionis,
825 2931 933 2972 quae
965 2920 1131 2974 prodiit
1161 2920 1445 2965 Francofurti
1482 2925 1525 2965 et
1556 2922 1728 2978 Lipsiae
1762 2934 1876 2964 anno
1910 2921 2034 2972 1710,
2075 2921 2118 2961 et
2149 2917 2270 2960 Are-

373 2985 478 3026 uali
515 2986 746 3030 editionem
780 3004 819 3045 p.
844 2993 897 3035 23
931 2992 1083 3047 (Mign.
1117 2996 1147 3037 t.
1175 2995 1256 3050 19).

448 3059 476 3112 l)
510 3059 574 3102 Cf.
608 3062 721 3114 quod
764 3063 813 3105 de
848 3064 1019 3108 Gelasio
1050 3066 1430 3123 Luitprandus
1470 3069 1515 3111 in
1547 3069 1660 3112 Vitis
1692 3067 1957 3125 pontificum
1989 3079 2022 3109 C.
2048 3068 2100 3110 51
2136 3064 2270 3107 adno-

372 3134 455 3173 tat:
488 3133 598 3174 Item
635 3133 773 3177 Orosii
806 3138 1036 3182 historia-m
1068 3140 1224 3184 laudat
1255 3144 1299 3184 et
1330 3155 1437 3198 opus
1471 3142 1638 3185 Sedulii
1671 3145 1714 3185 et
1744 3140 1942 3184 quenci.

445 3207 476 3260 ⁴2)
509 3207 573 3247 De
606 3206 795 3251 Ausonio
830 3210 936 3254 dicit
966 3213 1178 3257 Manitius
1220 3215 1445 3270 (Zeitschr.
1479 3216 1508 3258 f.
1542 3216 1581 3259 d.
1614 3218 1765 3258 oster-r.
1799 3214 1960 3270 Gymn.
1995 3214 2119 3265 1886,
2146 3211 2269 3267 244):

371 3278 466 3320 Neu
499 3279 553 3321 ist
587 3280 680 3322 hier
714 3281 789 3324 der
819 3284 1048 3329 Nachweis
1084 3287 1158 3330 der
1190 3289 1454 3344 Beniitzung
1487 3289 1560 3332 des
1594 3289 1826 3339 quencus,
1871 3287 1939 3330 die
1981 3286 2074 3329 sich
2105 3285 2151 3327 in
2185 3284 2269 3326 den

371 3353 615 3396 Gedichten
658 3355 730 3397 des
763 3357 980 3401 Ausonius
1020 3361 1250 3404 mehrfach
1290 3362 1443 3414 findet,
1484 3376 1653 3405 wei-aus
1694 3362 1807 3404 auch
1845 3359 2127 3414 hei-vorgeht,
2168 3357 2269 3400 dass

370 3426 589 3471 Ausonius
630 3430 721 3471 sich
763 3430 872 3473 doch
911 3433 1047 3486 mehr,
1088 3434 1150 3477 als
1191 3449 1293 3477 man
1333 3435 1486 3477 friiher
1518 3435 1726 3487 annahm,
1758 3434 1843 3476 mit
1875 3433 1951 3475 der
1983 3430 2267 3475 christlichen

369 3499 589 3544 Literatur
628 3503 932 3560 beschaftigte.
995 3507 1053 3549 At
1092 3509 1293 3551 uersibus
1334 3523 1396 3564 ep.
1428 3508 1515 3551 VII
1555 3510 1594 3560 2,
1627 3511 1652 3553 8
1693 3507 1958 3563 (ignicomus
1998 3503 2080 3559 sol)
2121 3506 2163 3546 et
2202 3516 2265 3558 ep.

369 3573 492 3629 VIII,
516 3578 540 3618 9
575 3576 819 3626 (sollemnia
850 3580 1064 3635 paschae),
1099 3582 1172 3635 qui
1205 3581 1285 3624 soli
1307 3582 1554 3624 quencum
1587 3581 1719 3633 olent,
1752 3579 1939 3624 Ausonii
1969 3576 2161 3621 imitatio
2192 3576 2267 3618 Iu-

369 3652 578 3693 uenciana
612 3651 715 3693 satis
750 3652 1048 3696 demonstrata
1082 3668 1171 3696 esse
1195 3655 1305 3697 mihi
1328 3655 1505 3710 quidem
1530 3667 1618 3697 11011
1639 3653 1817 3696 uidetur
1839 3651 1911 3708 (cf.
1930 3650 1986 3694 ib.
2009 3651 2134 3702 1888,
2152 3647 2265 3704 583).
