2436 3944
302 388 368 437 70
821 378 1130 436 Cypriani
1177 373 1663 432 heptateuchos

540 557 591 598 16
630 543 841 609 iungere
883 540 1035 592 corda
1076 539 1169 589 deo
1211 535 1490 601 stratisque
1531 532 1835 584 incumbere
1874 528 2027 580 lectis

305 633 409 682 2380
569 644 594 686 s
637 634 688 681 et
727 629 911 680 dubios
950 627 1134 677 inferre
1177 625 1337 684 cibos
1380 637 1509 688 quos
1553 620 1750 671 ditibus
1793 617 1930 669 aruis

569 732 593 774 3
632 718 751 769 felix
790 720 925 767 terra
965 717 1116 766 creat.
1160 726 1427 780 agnusque
1470 708 1763 760 adsumitur
1803 706 1999 767 albens,

571 821 595 862 5
638 805 902 856 mensibus
945 802 1216 870 explicitis,
1259 800 1496 852 bissenos
1539 812 1669 863 quos
1708 795 1835 846 facit
1875 809 2056 854 annus,

641 895 841 960 integer
882 894 932 943 et
970 893 1080 942 toto
1124 905 1278 957 grege
1318 886 1565 938 mollior:
1593 884 1692 936 hoc
1733 882 1892 934 simul
1933 896 2113 934 omnes

639 981 879 1032 mandere
919 980 998 1030 lex
1040 977 1205 1045 adigit
1246 978 1557 1041 sanctaeque
1599 973 1856 1039 adponere
1897 985 2138 1021 mensae.

311 1075 414 1125 385
576 1084 599 1126 7
643 1069 847 1121 ossibus
887 1067 1112 1118 intactis.
1159 1065 1411 1130 cuiusque
1454 1080 1479 1115 e
1522 1061 1773 1129 sanguine
1814 1061 1994 1126 postes

639 1158 875 1224 tinguere
915 1154 1257 1206 mundificum
1298 1154 1570 1216 tutamque
1613 1148 1881 1214 adquirere
1921 1147 2104 1198 uitam.

544 1261 600 1302 44
641 1245 722 1296 ius
766 1259 942 1296 omnes
986 1257 1260 1294 commune
1299 1241 1445 1291 tenet
1484 1241 1640 1304 atque
1682 1252 1795 1288 aere
1837 1234 2004 1303 parati

645 1336 696 1384 et
735 1334 902 1384 locare
941 1347 1126 1382 manus
1169 1329 1311 1382 soliti
1350 1327 1621 1395 praeputia
1653 1329 1856 1393 ponunt

641 1421 962 1486 festinosque
1006 1419 1148 1471 cibos
1191 1418 1311 1486 agni
1353 1417 1412 1468 de
1454 1415 1656 1467 uiscere
1698 1417 1930 1466 sumunt.

313 1514 416 1564 :300
577 1525 603 1565 4
645 1525 737 1560 nec
779 1508 1059 1574 quidquam
1103 1521 1374 1573 superesse
1415 1505 1568 1565 licet3
1612 1503 1657 1555 si
1695 1519 1806 1553 rara
1849 1519 2030 1555 corona

646 1597 814 1649 omnia
854 1613 954 1648 non
996 1596 1202 1662 carpsit.
1245 1594 1478 1645 uicinum
1521 1592 1801 1659 adiungere
1842 1591 1919 1641 fas
1963 1601 2057 1642 est.

552 1701 603 1741 15
643 1686 895 1736 fermento
938 1686 1112 1736 carent
1150 1699 1308 1750 panes
1351 1681 1632 1746 mollisque
1674 1679 1837 1729 farina

649 1773 880 1824 fontibus
922 1772 1162 1823 admixtis
1204 1773 1390 1822 tenues
1431 1769 1687 1821 formatur
1725 1767 1776 1818 in
1820 1768 1987 1828 orbes,

647 1876 825 1927 azyma
865 1876 993 1926 quos
1034 1861 1326 1912 memorant
1364 1857 1529 1925 patrio
1573 1872 1810 1909 sermone
1851 1856 2144 1922 loquentes.

315 1950 621 2011 395<131m
650 1949 751 2000 ista
789 1949 916 1999 haec
958 1964 1101 1999 sacra
1139 1948 1272 1998 fiunt
1313 1946 1515 1998 cunctis
1556 1945 1897 1996 redeuntibus
1941 1944 2103 1995 annis.

492 2052 545 2092 14
568 2051 619 2092 17
655 2039 899 2102 quattuor
935 2039 1087 2102 atque
1130 2036 1309 2087 decem
1350 2038 1632 2102 postquam
1675 2034 1944 2085 decurrere
1983 2033 2130 2083 lucos

648 2141 825 2176 mense
868 2141 1003 2177 nouo
1047 2127 1263 2176 cernunt
1306 2123 1544 2176 homines
1585 2123 1783 2174 ratione
1823 2120 2092 2188 magistra.

557 2226 603 2267 11
651 2213 976 2278 sollicitaque
1019 2212 1163 2264 sinus
1210 2213 1578 2279 constringunt
1619 2227 1741 2263 cura
1779 2211 2020 2271 fluentes‚

648 2300 848 2352 intenti.
893 2315 985 2351 ceu
1027 2300 1176 2367 signa
1217 2303 1405 2351 canant
1444 2300 1749 2365 bellumque
1792 2300 2017 2365 geratun

320 2391 424 2441 400
653 2390 980 2453 armataeque
1019 2403 1203 2439 manus
1249 2388 1558 2440 baculorum
1598 2388 1782 2439 robora
1824 2389 2048 2453 gestant.

560 2490 614 2531 22
655 2476 865 2543 insuper
905 2477 1156 2544 arripiunt
1198 2477 1442 2544 pallentis
1484 2492 1694 2544 gramen
1734 2475 1921 2542 hysopi

647 2564 937 2629 deuotaque
977 2581 1134 2615 manu
1177 2567 1381 2617 sacrato
1423 2565 1476 2615 in
1518 2564 1768 2632 sanguine
1809 2568 2042 2617 mersant

654 2667 1031 2717 excussumque
1070 2654 1254 2719 procul
1294 2653 1495 2705 foribus
1538 2668 1878 2721 conspergere
1921 2654 2168 2722 gaudent,

652 2739 891 2806 postibus
933 2742 993 2790 ut
1033 2740 1162 2792 caris
1208 2744 1511 2793 concrescat
1549 2742 1740 2793 nobilis
1782 2742 1936 2805 unda„

324 2830 429 2880 405
655 2844 784 2892 quae
824 2829 970 2878 uetat
1008 2829 1279 2880 introitum
1322 2830 1630 2896 temptantis
1673 2832 1852 2882 sancta
1890 2831 2123 2899 maligni.

454 2916 520 2966 13
659 2915 864 2979 iamque
892 2915 1108 2982 gradum
1140 2917 1201 2967 ad
1233 2918 1472 2983 quintum
1500 2918 1703 2985 generis
1725 2919 2062 2970 descenderat
2089 2920 2230 2983 ord0‚

655 3017 789 3063 cum,
832 3001 1034 3052 deserta
1075 3006 1277 3068 petens
1321 3006 1558 3056 Rubrum
1602 3006 1849 3058 ueniebat
1889 3007 1952 3058 ad
1993 3023 2187 3073 aequor

471 3129 573 3184 401]
607 3130 720 3172 Mico
751 3147 758 3171 :
785 3131 1158 3188 Insuper—isopi.
1195 3134 1435 3176 Alcliinius.

386 3261 468 3304 379
518 3261 651 3315 iunge
683 3260 720 3303 Ο
855 3262 935 3304 381
973 3263 1211 3305 assuinilur
1241 3266 1277 3306 (J
1323 3265 1570 3308 absumitur
1594 3267 1638 3308 A
1778 3267 1862 3310 383
1910 3268 2012 3323 hoc]
2054 3267 2169 3310 hunc
2201 3266 2240 3310 G

327 3334 410 3376 384
445 3333 660 3388 adponere
685 3334 729 3375 A
762 3348 973 3389 exponere
1003 3335 1040 3378 O
1143 3339 1226 3380 3023
1262 3340 1300 3394 e]
1337 3345 1385 3381 ,0.
1419 3340 1456 3382 G
1559 3341 1643 3383 386
1678 3342 1969 3384 mundificum
1989 3357 2024 3396 p
2059 3342 2233 3397 magni·

325 3408 452 3448 ficum
478 3406 566 3448 AC
662 3407 743 3449 387
780 3413 898 3449 omns
929 3407 966 3450 Ο
1026 3414 1206 3452 comune
1239 3411 1276 3454 C
1365 3413 1448 3455 390
1483 3415 1775 3470 nequisquam
1808 3416 1845 3457 C
1872 3417 2166 3471 nequicquam
2193 3415 2236 3456 Α

332 3492 494 3533 corr.p
586 3480 669 3522 394
705 3481 843 3522 azima
869 3481 957 3524 AG
1058 3483 1143 3525 400
1179 3484 1272 3528 bac.
1311 3486 1470 3528 robura
1496 3488 1538 3528 A
1571 3487 1665 3530 bac.
1703 3488 1861 3531 bar-ula
1892 3490 1929 3531 (J
2016 3490 2098 3532 401
2136 3502 2235 3544 gra-

330 3552 446 3593 mina
477 3551 513 3593 (J
571 3552 683 3607 isopi
710 3554 750 3593 A
784 3554 909 3597 ,Πίου
936 3556 1070 3612 esopy
1101 3557 1137 3598 (J
1224 3559 1339 3600 inter
1371 3560 1452 3601 401
1488 3575 1530 3603 u.
1567 3561 1652 3603 402
1690 3563 1848 3617 Ieyz'tw·
1881 3577 1922 3604 u.
1959 3563 2043 3604 409
2079 3576 2236 3603 ossa—m

340 3637 410 3665 ore
444 3624 520 3666 secl
551 3632 797 3679 ey'pvmcdus
821 3630 859 3668 A
955 3629 1039 3670 406
1075 3629 1343 3673 diss-‹1¹n‹l‹·r1.t
1379 3636 1416 3674 ⁴l

2378 708 2434 751 413
