<?xml version="1.0" encoding="UTF-8"?>
<!DOCTYPE html PUBLIC "-//W3C//DTD XHTML 1.0 Transitional//EN"
    "http://www.w3.org/TR/xhtml1/DTD/xhtml1-transitional.dtd">
<html xmlns="http://www.w3.org/1999/xhtml" xml:lang="en" lang="en">
 <head>
  <title>
</title>
<meta http-equiv="Content-Type" content="text/html;charset=utf-8" />
  <meta name='ocr-system' content='tesseract 3.04.00' />
  <meta name='ocr-capabilities' content='ocr_page ocr_carea ocr_par ocr_line ocrx_word'/>
</head>
<body>
  <div class='ocr_page' id='page_1' title='image "./corpusscriptorum24cypruoft_0104.png"; bbox 0 0 2436 3944; ppageno 0'>
   <div class='ocr_carea' id='block_1_1' title="bbox 314 269 1673 341">
    <p class='ocr_par' dir='ltr' id='par_1_1' title="bbox 314 269 1673 341">
     <span class='ocr_line' id='line_1_1' title="bbox 314 269 1673 341; baseline -0.019 -6"><span class='ocrx_word' id='word_1_1' title='bbox 314 295 378 341; x_wconf 65' lang='lat'>54</span> <span class='ocrx_word' id='word_1_2' title='bbox 828 278 1138 338; x_wconf 65' lang='lat' dir='ltr'>Cypriani</span> <span class='ocrx_word' id='word_1_3' title='bbox 1186 269 1673 331; x_wconf 37' lang='lat' dir='ltr'>heptateucho„</span> 
     </span>
    </p>
   </div>
   <div class='ocr_carea' id='block_1_2' title="bbox 319 428 2222 2812">
    <p class='ocr_par' dir='ltr' id='par_1_2' title="bbox 319 428 2222 2812">
     <span class='ocr_line' id='line_1_2' title="bbox 679 428 2030 502; baseline -0.013 -8"><span class='ocrx_word' id='word_1_4' title='bbox 679 444 902 495; x_wconf 85' lang='lat' dir='ltr'>educens</span> <span class='ocrx_word' id='word_1_5' title='bbox 941 440 1158 490; x_wconf 88' lang='lat' dir='ltr'>iuuenes</span> <span class='ocrx_word' id='word_1_6' title='bbox 1198 433 1364 502; x_wconf 86' lang='lat' dir='ltr'>patrio</span> <span class='ocrx_word' id='word_1_7' title='bbox 1405 429 1759 483; x_wconf 78' lang='lat' dir='ltr'>moderamine</span> <span class='ocrx_word' id='word_1_8' title='bbox 1801 428 2030 494; x_wconf 88' lang='lat' dir='ltr'>quinque</span> 
     </span>
     <span class='ocr_line' id='line_1_3' title="bbox 586 515 2007 597; baseline -0.011 -13"><span class='ocrx_word' id='word_1_9' title='bbox 586 547 639 589; x_wconf 80' lang='lat'>27</span> <span class='ocrx_word' id='word_1_10' title='bbox 683 529 873 597; x_wconf 56' lang='lat' dir='ltr'>septies</span> <span class='ocrx_word' id='word_1_11' title='bbox 916 530 967 578; x_wconf 88' lang='lat' dir='ltr'>et</span> <span class='ocrx_word' id='word_1_12' title='bbox 1006 526 1182 576; x_wconf 74' lang='lat' dir='ltr'>denos,</span> <span class='ocrx_word' id='word_1_13' title='bbox 1228 520 1446 574; x_wconf 76' lang='lat' dir='ltr'>Genesis</span> <span class='ocrx_word' id='word_1_14' title='bbox 1487 521 1548 569; x_wconf 91' lang='lat' dir='ltr'>ut</span> <span class='ocrx_word' id='word_1_15' title='bbox 1586 517 1812 570; x_wconf 87' lang='lat' dir='ltr'>formula</span> <span class='ocrx_word' id='word_1_16' title='bbox 1852 515 2007 569; x_wconf 89' lang='lat' dir='ltr'>cauit.</span> 
     </span>
     <span class='ocr_line' id='line_1_4' title="bbox 587 605 2004 679; baseline -0.013 -7"><span class='ocrx_word' id='word_1_17' title='bbox 587 633 642 676; x_wconf 67' lang='lat'>28</span> <span class='ocrx_word' id='word_1_18' title='bbox 687 635 742 670; x_wconf 90' lang='lat' dir='ltr'>ac</span> <span class='ocrx_word' id='word_1_19' title='bbox 786 618 907 669; x_wconf 89' lang='lat' dir='ltr'>dum</span> <span class='ocrx_word' id='word_1_20' title='bbox 946 614 1134 666; x_wconf 84' lang='lat' dir='ltr'>festino</span> <span class='ocrx_word' id='word_1_21' title='bbox 1174 610 1451 679; x_wconf 89' lang='lat' dir='ltr'>properant</span> <span class='ocrx_word' id='word_1_22' title='bbox 1491 606 1761 660; x_wconf 89' lang='lat' dir='ltr'>conamine</span> <span class='ocrx_word' id='word_1_23' title='bbox 1804 605 2004 667; x_wconf 74' lang='lat' dir='ltr'>turbae,</span> 
     </span>
     <span class='ocr_line' id='line_1_5' title="bbox 680 695 2018 773; baseline -0.011 -15"><span class='ocrx_word' id='word_1_24' title='bbox 680 704 937 773; x_wconf 87' lang='lat' dir='ltr'>procurrit</span> <span class='ocrx_word' id='word_1_25' title='bbox 975 702 1132 753; x_wconf 88' lang='lat' dir='ltr'>ludas</span> <span class='ocrx_word' id='word_1_26' title='bbox 1174 702 1225 751; x_wconf 93' lang='lat' dir='ltr'>et</span> <span class='ocrx_word' id='word_1_27' title='bbox 1262 699 1481 749; x_wconf 76' lang='lat' dir='ltr'><strong>fratrum</strong></span> <span class='ocrx_word' id='word_1_28' title='bbox 1519 695 1792 763; x_wconf 87' lang='lat' dir='ltr'>praenolat</span> <span class='ocrx_word' id='word_1_29' title='bbox 1832 709 2018 762; x_wconf 89' lang='lat' dir='ltr'>agmen</span> 
     </span>
     <span class='ocr_line' id='line_1_6' title="bbox 319 783 2155 860; baseline -0.01 -8"><span class='ocrx_word' id='word_1_30' title='bbox 319 800 456 851; x_wconf 87' lang='grc'>1440</span> <span class='ocrx_word' id='word_1_31' title='bbox 681 796 1028 860; x_wconf 87' lang='lat' dir='ltr'>Iosepumque</span> <span class='ocrx_word' id='word_1_32' title='bbox 1071 789 1222 841; x_wconf 89' lang='lat' dir='ltr'>docet</span> <span class='ocrx_word' id='word_1_33' title='bbox 1260 787 1389 838; x_wconf 87' lang='lat' dir='ltr'>haut</span> <span class='ocrx_word' id='word_1_34' title='bbox 1426 786 1582 852; x_wconf 84' lang='lat' dir='ltr'>longe</span> <span class='ocrx_word' id='word_1_35' title='bbox 1625 783 1828 834; x_wconf 87' lang='lat' dir='ltr'>abstare</span> <span class='ocrx_word' id='word_1_36' title='bbox 1869 785 2155 849; x_wconf 89' lang='lat' dir='ltr'>parentem.</span> 
     </span>
     <span class='ocr_line' id='line_1_7' title="bbox 592 871 2049 939; baseline -0.009 -5"><span class='ocrx_word' id='word_1_37' title='bbox 592 897 646 939; x_wconf 81' lang='lat'>29</span> <span class='ocrx_word' id='word_1_38' title='bbox 687 883 773 933; x_wconf 89' lang='lat' dir='ltr'>ille</span> <span class='ocrx_word' id='word_1_39' title='bbox 816 879 996 931; x_wconf 86' lang='lat' dir='ltr'>alacris</span> <span class='ocrx_word' id='word_1_40' title='bbox 1039 876 1241 929; x_wconf 86' lang='lat' dir='ltr'>scandit</span> <span class='ocrx_word' id='word_1_41' title='bbox 1281 890 1460 926; x_wconf 83' lang='lat' dir='ltr'>currus</span> <span class='ocrx_word' id='word_1_42' title='bbox 1503 875 1657 938; x_wconf 87' lang='lat' dir='ltr'>atque</span> <span class='ocrx_word' id='word_1_43' title='bbox 1700 871 1889 924; x_wconf 84' lang='lat' dir='ltr'>obuius</span> <span class='ocrx_word' id='word_1_44' title='bbox 1931 871 2049 934; x_wconf 78' lang='lat' dir='ltr'>exit,</span> 
     </span>
     <span class='ocr_line' id='line_1_8' title="bbox 683 961 2014 1036; baseline -0.008 -15"><span class='ocrx_word' id='word_1_45' title='bbox 683 971 910 1036; x_wconf 89' lang='lat' dir='ltr'>optatam</span> <span class='ocrx_word' id='word_1_46' title='bbox 953 965 1208 1032; x_wconf 81' lang='lat' dir='ltr'>excipiens</span> <span class='ocrx_word' id='word_1_47' title='bbox 1250 963 1365 1015; x_wconf 88' lang='lat' dir='ltr'>uiso</span> <span class='ocrx_word' id='word_1_48' title='bbox 1409 962 1642 1030; x_wconf 87' lang='lat' dir='ltr'>genitore</span> <span class='ocrx_word' id='word_1_49' title='bbox 1683 961 2014 1027; x_wconf 84' lang='lat' dir='ltr'>phalangem.</span> 
     </span>
     <span class='ocr_line' id='line_1_9' title="bbox 476 1050 2136 1125; baseline -0.007 -12"><span class='ocrx_word' id='word_1_50' title='bbox 476 1061 544 1113; x_wconf 70' lang='lat'>47</span> <span class='ocrx_word' id='word_1_51' title='bbox 623 1074 642 1115; x_wconf 91' lang='lat'>1</span> <span class='ocrx_word' id='word_1_52' title='bbox 686 1057 1077 1125; x_wconf 90' lang='lat' dir='ltr'>regrediturque</span> <span class='ocrx_word' id='word_1_53' title='bbox 1120 1054 1254 1105; x_wconf 91' lang='lat' dir='ltr'>citus</span> <span class='ocrx_word' id='word_1_54' title='bbox 1293 1051 1536 1119; x_wconf 86' lang='lat' dir='ltr'>regisque</span> <span class='ocrx_word' id='word_1_55' title='bbox 1579 1050 1802 1101; x_wconf 82' lang='lat' dir='ltr'>excurrit</span> <span class='ocrx_word' id='word_1_56' title='bbox 1841 1050 1904 1101; x_wconf 90' lang='lat' dir='ltr'>ad</span> <span class='ocrx_word' id='word_1_57' title='bbox 1945 1050 2136 1111; x_wconf 68' lang='grc'>31113111,</span> 
     </span>
     <span class='ocr_line' id='line_1_10' title="bbox 686 1141 2033 1215; baseline -0.007 -16"><span class='ocrx_word' id='word_1_58' title='bbox 686 1150 919 1215; x_wconf 85' lang='lat' dir='ltr'>pastores</span> <span class='ocrx_word' id='word_1_59' title='bbox 959 1159 1231 1212; x_wconf 86' lang='lat' dir='ltr'>properare</span> <span class='ocrx_word' id='word_1_60' title='bbox 1272 1141 1458 1202; x_wconf 68' lang='lat' dir='ltr'>ferens</span> <span class='ocrx_word' id='word_1_61' title='bbox 1501 1142 1562 1191; x_wconf 89' lang='lat' dir='ltr'>ut</span> <span class='ocrx_word' id='word_1_62' title='bbox 1600 1141 1752 1191; x_wconf 93' lang='lat' dir='ltr'>turba</span> <span class='ocrx_word' id='word_1_63' title='bbox 1797 1156 2033 1191; x_wconf 86' lang='lat' dir='ltr'>carorum</span> 
     </span>
     <span class='ocr_line' id='line_1_11' title="bbox 320 1228 1957 1300; baseline -0.007 -9"><span class='ocrx_word' id='word_1_64' title='bbox 320 1242 457 1291; x_wconf 81' lang='grc'>1445</span> <span class='ocrx_word' id='word_1_65' title='bbox 687 1235 923 1287; x_wconf 88' lang='lat' dir='ltr'>discretis</span> <span class='ocrx_word' id='word_1_66' title='bbox 966 1233 1122 1300; x_wconf 87' lang='lat' dir='ltr'>degat</span> <span class='ocrx_word' id='word_1_67' title='bbox 1160 1230 1382 1282; x_wconf 82' lang='lat' dir='ltr'>fecundo</span> <span class='ocrx_word' id='word_1_68' title='bbox 1422 1228 1474 1280; x_wconf 88' lang='lat' dir='ltr'>in</span> <span class='ocrx_word' id='word_1_69' title='bbox 1516 1229 1748 1296; x_wconf 86' lang='lat' dir='ltr'>gramine</span> <span class='ocrx_word' id='word_1_70' title='bbox 1789 1229 1957 1280; x_wconf 86' lang='lat' dir='ltr'>terris.</span> 
     </span>
     <span class='ocr_line' id='line_1_12' title="bbox 620 1317 1966 1391; baseline -0.007 -13"><span class='ocrx_word' id='word_1_71' title='bbox 620 1340 645 1380; x_wconf 81' lang='grc'><strong>6</strong></span> <span class='ocrx_word' id='word_1_72' title='bbox 684 1325 795 1391; x_wconf 86' lang='lat' dir='ltr'>ipse</span> <span class='ocrx_word' id='word_1_73' title='bbox 838 1323 993 1375; x_wconf 86' lang='lat' dir='ltr'>etiam</span> <span class='ocrx_word' id='word_1_74' title='bbox 1033 1321 1144 1372; x_wconf 87' lang='lat' dir='ltr'>uati</span> <span class='ocrx_word' id='word_1_75' title='bbox 1181 1322 1351 1371; x_wconf 91' lang='lat' dir='ltr'>rector</span> <span class='ocrx_word' id='word_1_76' title='bbox 1388 1317 1765 1386; x_wconf 72' lang='lat' dir='ltr'>Memphiticus</span> <span class='ocrx_word' id='word_1_77' title='bbox 1805 1318 1966 1370; x_wconf 81' lang='lat' dir='ltr'>instat</span> 
     </span>
     <span class='ocr_line' id='line_1_13' title="bbox 592 1407 2054 1474; baseline -0.003 -10"><span class='ocrx_word' id='word_1_78' title='bbox 592 1428 639 1470; x_wconf 88' lang='lat'>11</span> <span class='ocrx_word' id='word_1_79' title='bbox 687 1415 737 1464; x_wconf 88' lang='lat' dir='ltr'>et</span> <span class='ocrx_word' id='word_1_80' title='bbox 775 1412 921 1462; x_wconf 88' lang='lat' dir='ltr'>iubet</span> <span class='ocrx_word' id='word_1_81' title='bbox 960 1409 1208 1461; x_wconf 86' lang='lat' dir='ltr'>uberibus</span> <span class='ocrx_word' id='word_1_82' title='bbox 1249 1408 1433 1459; x_wconf 87' lang='lat' dir='ltr'>fratres</span> <span class='ocrx_word' id='word_1_83' title='bbox 1476 1423 1763 1474; x_wconf 81' lang='lat' dir='ltr'>conponere</span> <span class='ocrx_word' id='word_1_84' title='bbox 1805 1407 1855 1457; x_wconf 89' lang='lat' dir='ltr'>in</span> <span class='ocrx_word' id='word_1_85' title='bbox 1899 1407 2054 1459; x_wconf 72' lang='lat' dir='ltr'>aruis</span> 
     </span>
     <span class='ocr_line' id='line_1_14' title="bbox 624 1497 2016 1568; baseline -0.004 -16"><span class='ocrx_word' id='word_1_86' title='bbox 624 1516 647 1557; x_wconf 85' lang='lat'><strong>7</strong></span> <span class='ocrx_word' id='word_1_87' title='bbox 687 1502 975 1568; x_wconf 87' lang='lat' dir='ltr'>longaeuus</span> <span class='ocrx_word' id='word_1_88' title='bbox 1015 1500 1136 1565; x_wconf 87' lang='lat' dir='ltr'>post</span> <span class='ocrx_word' id='word_1_89' title='bbox 1174 1497 1277 1548; x_wconf 86' lang='lat' dir='ltr'>ista</span> <span class='ocrx_word' id='word_1_90' title='bbox 1317 1513 1470 1549; x_wconf 77' lang='lat' dir='ltr'>senex</span> <span class='ocrx_word' id='word_1_91' title='bbox 1509 1503 1757 1564; x_wconf 76' lang='lat' dir='ltr'>poscente</span> <span class='ocrx_word' id='word_1_92' title='bbox 1799 1499 2016 1564; x_wconf 68' lang='lat' dir='ltr'>tyranno</span> 
     </span>
     <span class='ocr_line' id='line_1_15' title="bbox 625 1586 2079 1655; baseline -0.005 -10"><span class='ocrx_word' id='word_1_93' title='bbox 625 1604 650 1645; x_wconf 80' lang='lat'>9</span> <span class='ocrx_word' id='word_1_94' title='bbox 693 1589 953 1655; x_wconf 71' lang='lat' dir='ltr'>eloquitur</span> <span class='ocrx_word' id='word_1_95' title='bbox 992 1587 1202 1649; x_wconf 71' lang='lat' dir='ltr'>sensim,</span> <span class='ocrx_word' id='word_1_96' title='bbox 1246 1586 1453 1652; x_wconf 85' lang='lat' dir='ltr'>quantis</span> <span class='ocrx_word' id='word_1_97' title='bbox 1496 1586 1565 1637; x_wconf 87' lang='lat' dir='ltr'>sit</span> <span class='ocrx_word' id='word_1_98' title='bbox 1602 1586 1872 1653; x_wconf 79' lang='lat' dir='ltr'>praeditus</span> <span class='ocrx_word' id='word_1_99' title='bbox 1915 1586 2079 1650; x_wconf 70' lang='grc'>3111110,</span> 
     </span>
     <span class='ocr_line' id='line_1_16' title="bbox 325 1673 2222 1745; baseline -0.002 -15"><span class='ocrx_word' id='word_1_100' title='bbox 325 1682 460 1732; x_wconf 73' lang='grc'>1450</span> <span class='ocrx_word' id='word_1_101' title='bbox 578 1693 637 1745; x_wconf 80' lang='grc'>(4)</span> <span class='ocrx_word' id='word_1_102' title='bbox 691 1694 820 1744; x_wconf 85' lang='grc'>(11130</span> <span class='ocrx_word' id='word_1_103' title='bbox 861 1678 1046 1729; x_wconf 89' lang='lat' dir='ltr'>domus</span> <span class='ocrx_word' id='word_1_104' title='bbox 1089 1678 1140 1727; x_wconf 89' lang='lat' dir='ltr'>et</span> <span class='ocrx_word' id='word_1_105' title='bbox 1180 1691 1310 1742; x_wconf 93' lang='grc'>(11130</span> <span class='ocrx_word' id='word_1_106' title='bbox 1352 1675 1421 1727; x_wconf 88' lang='lat' dir='ltr'>sit</span> <span class='ocrx_word' id='word_1_107' title='bbox 1459 1674 1703 1726; x_wconf 82' lang='lat' dir='ltr'>ueniendi</span> <span class='ocrx_word' id='word_1_108' title='bbox 1744 1690 1902 1726; x_wconf 84' lang='lat' dir='ltr'>causa</span> <span class='ocrx_word' id='word_1_109' title='bbox 1936 1673 2222 1742; x_wconf 76' lang='lat' dir='ltr'>Canopum.</span> 
     </span>
     <span class='ocr_line' id='line_1_17' title="bbox 594 1764 2095 1830; baseline -0.001 -13"><span class='ocrx_word' id='word_1_110' title='bbox 594 1780 646 1822; x_wconf 89' lang='lat'>10</span> <span class='ocrx_word' id='word_1_111' title='bbox 689 1765 1035 1830; x_wconf 77' lang='lat' dir='ltr'>eximiumque</span> <span class='ocrx_word' id='word_1_112' title='bbox 1078 1764 1260 1815; x_wconf 92' lang='lat' dir='ltr'>ducem</span> <span class='ocrx_word' id='word_1_113' title='bbox 1303 1765 1472 1815; x_wconf 89' lang='lat' dir='ltr'>multa</span> <span class='ocrx_word' id='word_1_114' title='bbox 1514 1780 1631 1816; x_wconf 87' lang='lat' dir='ltr'>cum</span> <span class='ocrx_word' id='word_1_115' title='bbox 1672 1765 1827 1815; x_wconf 86' lang='lat' dir='ltr'>laude</span> <span class='ocrx_word' id='word_1_116' title='bbox 1870 1764 2095 1816; x_wconf 87' lang='lat' dir='ltr'>decorat.</span> 
     </span>
     <span class='ocr_line' id='line_1_18' title="bbox 593 1852 1957 1920; baseline 0 -16"><span class='ocrx_word' id='word_1_117' title='bbox 593 1868 647 1910; x_wconf 80' lang='lat'>12</span> <span class='ocrx_word' id='word_1_118' title='bbox 691 1870 784 1905; x_wconf 90' lang='lat' dir='ltr'>nec</span> <span class='ocrx_word' id='word_1_119' title='bbox 823 1853 994 1904; x_wconf 89' lang='lat' dir='ltr'>minus</span> <span class='ocrx_word' id='word_1_120' title='bbox 1037 1852 1233 1903; x_wconf 87' lang='lat' dir='ltr'>interea</span> <span class='ocrx_word' id='word_1_121' title='bbox 1272 1853 1492 1920; x_wconf 86' lang='lat' dir='ltr'>Iosepus</span> <span class='ocrx_word' id='word_1_122' title='bbox 1534 1869 1749 1904; x_wconf 90' lang='lat' dir='ltr'>munera</span> <span class='ocrx_word' id='word_1_123' title='bbox 1791 1854 1957 1904; x_wconf 88' lang='lat' dir='ltr'>mittit</span> 
     </span>
     <span class='ocr_line' id='line_1_19' title="bbox 691 1942 2165 2010; baseline 0.001 -17"><span class='ocrx_word' id='word_1_124' title='bbox 691 1943 844 2010; x_wconf 88' lang='lat' dir='ltr'>digna</span> <span class='ocrx_word' id='word_1_125' title='bbox 886 1942 993 1993; x_wconf 90' lang='lat' dir='ltr'>suis</span> <span class='ocrx_word' id='word_1_126' title='bbox 1033 1957 1386 2008; x_wconf 84' lang='lat' dir='ltr'>magnumque</span> <span class='ocrx_word' id='word_1_127' title='bbox 1429 1942 1548 1993; x_wconf 88' lang='lat' dir='ltr'>duci</span> <span class='ocrx_word' id='word_1_128' title='bbox 1590 1942 1678 1993; x_wconf 87' lang='lat' dir='ltr'>dat</span> <span class='ocrx_word' id='word_1_129' title='bbox 1717 1943 1847 1994; x_wconf 85' lang='lat' dir='ltr'>ferre</span> <span class='ocrx_word' id='word_1_130' title='bbox 1888 1943 2165 1994; x_wconf 88' lang='lat' dir='ltr'>talentum.</span> 
     </span>
     <span class='ocr_line' id='line_1_20' title="bbox 598 2030 1904 2099; baseline 0.001 -17"><span class='ocrx_word' id='word_1_131' title='bbox 598 2046 651 2087; x_wconf 86' lang='lat'>14</span> <span class='ocrx_word' id='word_1_132' title='bbox 693 2048 793 2097; x_wconf 93' lang='grc'>(1110</span> <span class='ocrx_word' id='word_1_133' title='bbox 837 2030 999 2082; x_wconf 88' lang='lat' dir='ltr'>ditata</span> <span class='ocrx_word' id='word_1_134' title='bbox 1038 2030 1139 2080; x_wconf 86' lang='lat' dir='ltr'>fuit</span> <span class='ocrx_word' id='word_1_135' title='bbox 1181 2030 1446 2082; x_wconf 73' lang='lat' dir='ltr'>distractis</span> <span class='ocrx_word' id='word_1_136' title='bbox 1486 2031 1728 2099; x_wconf 81' lang='lat' dir='ltr'>frugibus</span> <span class='ocrx_word' id='word_1_137' title='bbox 1770 2032 1904 2083; x_wconf 89' lang='lat' dir='ltr'>aula.</span> 
     </span>
     <span class='ocr_line' id='line_1_21' title="bbox 326 2119 2160 2187; baseline 0.001 -17"><span class='ocrx_word' id='word_1_138' title='bbox 326 2124 463 2173; x_wconf 72' lang='lat'>1455</span> <span class='ocrx_word' id='word_1_139' title='bbox 598 2134 650 2176; x_wconf 79' lang='lat'>15</span> <span class='ocrx_word' id='word_1_140' title='bbox 694 2123 847 2186; x_wconf 86' lang='lat' dir='ltr'>atque</span> <span class='ocrx_word' id='word_1_141' title='bbox 887 2119 978 2170; x_wconf 91' lang='lat' dir='ltr'>ubi</span> <span class='ocrx_word' id='word_1_142' title='bbox 1017 2119 1119 2170; x_wconf 89' lang='lat' dir='ltr'>iam</span> <span class='ocrx_word' id='word_1_143' title='bbox 1160 2119 1369 2187; x_wconf 87' lang='lat' dir='ltr'>populis</span> <span class='ocrx_word' id='word_1_144' title='bbox 1412 2120 1593 2171; x_wconf 86' lang='lat' dir='ltr'>derant</span> <span class='ocrx_word' id='word_1_145' title='bbox 1631 2121 1985 2173; x_wconf 70' lang='lat' dir='ltr'>mercantibus</span> <span class='ocrx_word' id='word_1_146' title='bbox 2027 2136 2160 2184; x_wconf 74' lang='lat' dir='ltr'>aera,</span> 
     </span>
     <span class='ocr_line' id='line_1_22' title="bbox 599 2208 2079 2276; baseline -0.002 -12"><span class='ocrx_word' id='word_1_147' title='bbox 599 2222 651 2264; x_wconf 85' lang='grc'>16</span> <span class='ocrx_word' id='word_1_148' title='bbox 694 2209 930 2260; x_wconf 84' lang='lat' dir='ltr'>certatim</span> <span class='ocrx_word' id='word_1_149' title='bbox 972 2208 1210 2260; x_wconf 72' lang='lat' dir='ltr'>exhibitis</span> <span class='ocrx_word' id='word_1_150' title='bbox 1254 2208 1501 2276; x_wconf 79' lang='lat' dir='ltr'>gregibus</span> <span class='ocrx_word' id='word_1_151' title='bbox 1542 2209 1887 2276; x_wconf 82' lang='lat' dir='ltr'>Memphitica</span> <span class='ocrx_word' id='word_1_152' title='bbox 1926 2211 2079 2261; x_wconf 88' lang='lat' dir='ltr'>turba</span> 
     </span>
     <span class='ocr_line' id='line_1_23' title="bbox 690 2297 1994 2366; baseline 0.003 -19"><span class='ocrx_word' id='word_1_153' title='bbox 690 2298 816 2348; x_wconf 91' lang='lat' dir='ltr'>emit</span> <span class='ocrx_word' id='word_1_154' title='bbox 853 2297 1002 2364; x_wconf 88' lang='lat' dir='ltr'>inops</span> <span class='ocrx_word' id='word_1_155' title='bbox 1043 2297 1236 2364; x_wconf 76' lang='lat' dir='ltr'>fruges,</span> <span class='ocrx_word' id='word_1_156' title='bbox 1276 2297 1504 2364; x_wconf 89' lang='lat' dir='ltr'>pretium</span> <span class='ocrx_word' id='word_1_157' title='bbox 1543 2300 1749 2348; x_wconf 81' lang='lat' dir='ltr'>taxante</span> <span class='ocrx_word' id='word_1_158' title='bbox 1790 2299 1994 2366; x_wconf 88' lang='lat' dir='ltr'>Iosepo.</span> 
     </span>
     <span class='ocr_line' id='line_1_24' title="bbox 603 2385 2189 2454; baseline 0.003 -19"><span class='ocrx_word' id='word_1_159' title='bbox 603 2399 654 2441; x_wconf 80' lang='lat'>19</span> <span class='ocrx_word' id='word_1_160' title='bbox 695 2386 775 2437; x_wconf 90' lang='lat' dir='ltr'>his</span> <span class='ocrx_word' id='word_1_161' title='bbox 817 2401 1020 2452; x_wconf 90' lang='lat' dir='ltr'>quoque</span> <span class='ocrx_word' id='word_1_162' title='bbox 1061 2385 1242 2436; x_wconf 89' lang='lat' dir='ltr'>nudati</span> <span class='ocrx_word' id='word_1_163' title='bbox 1283 2402 1442 2452; x_wconf 85' lang='lat' dir='ltr'>seque</span> <span class='ocrx_word' id='word_1_164' title='bbox 1484 2389 1536 2438; x_wconf 88' lang='lat' dir='ltr'>et</span> <span class='ocrx_word' id='word_1_165' title='bbox 1576 2403 1670 2439; x_wconf 84' lang='lat' dir='ltr'>sua</span> <span class='ocrx_word' id='word_1_166' title='bbox 1709 2387 1922 2454; x_wconf 84' lang='lat' dir='ltr'>praedia</span> <span class='ocrx_word' id='word_1_167' title='bbox 1960 2388 2189 2451; x_wconf 69' lang='lat' dir='ltr'>tradunt,</span> 
     </span>
     <span class='ocr_line' id='line_1_25' title="bbox 693 2474 2084 2542; baseline 0.004 -18"><span class='ocrx_word' id='word_1_168' title='bbox 693 2474 887 2524; x_wconf 87' lang='lat' dir='ltr'>semine</span> <span class='ocrx_word' id='word_1_169' title='bbox 927 2476 1188 2541; x_wconf 68' lang='lat' dir='ltr'>percepto</span> <span class='ocrx_word' id='word_1_170' title='bbox 1229 2491 1429 2527; x_wconf 87' lang='lat' dir='ltr'>messes</span> <span class='ocrx_word' id='word_1_171' title='bbox 1471 2492 1572 2542; x_wconf 89' lang='grc'>(1110</span> <span class='ocrx_word' id='word_1_172' title='bbox 1616 2476 1799 2529; x_wconf 86' lang='lat' dir='ltr'>deinde</span> <span class='ocrx_word' id='word_1_173' title='bbox 1840 2477 2084 2530; x_wconf 88' lang='lat' dir='ltr'>uirerent.</span> 
     </span>
     <span class='ocr_line' id='line_1_26' title="bbox 329 2563 2011 2634; baseline 0.004 -22"><span class='ocrx_word' id='word_1_174' title='bbox 329 2564 466 2613; x_wconf 80' lang='grc'>1460</span> <span class='ocrx_word' id='word_1_175' title='bbox 600 2575 654 2617; x_wconf 77' lang='lat'>22</span> <span class='ocrx_word' id='word_1_176' title='bbox 697 2563 808 2614; x_wconf 81' lang='lat' dir='ltr'>sola</span> <span class='ocrx_word' id='word_1_177' title='bbox 848 2563 1174 2615; x_wconf 89' lang='lat' dir='ltr'>sacerdotum</span> <span class='ocrx_word' id='word_1_178' title='bbox 1214 2580 1314 2616; x_wconf 91' lang='lat' dir='ltr'>non</span> <span class='ocrx_word' id='word_1_179' title='bbox 1357 2566 1437 2615; x_wconf 88' lang='lat' dir='ltr'>est</span> <span class='ocrx_word' id='word_1_180' title='bbox 1474 2566 1741 2631; x_wconf 85' lang='lat' dir='ltr'>possessio</span> <span class='ocrx_word' id='word_1_181' title='bbox 1784 2566 2011 2634; x_wconf 70' lang='lat' dir='ltr'>dempta,</span> 
     </span>
     <span class='ocr_line' id='line_1_27' title="bbox 691 2651 2078 2719; baseline 0.005 -18"><span class='ocrx_word' id='word_1_182' title='bbox 691 2651 805 2717; x_wconf 87' lang='lat' dir='ltr'>quis</span> <span class='ocrx_word' id='word_1_183' title='bbox 846 2651 1072 2718; x_wconf 84' lang='lat' dir='ltr'>gratuita</span> <span class='ocrx_word' id='word_1_184' title='bbox 1112 2652 1230 2704; x_wconf 89' lang='lat' dir='ltr'>duci</span> <span class='ocrx_word' id='word_1_185' title='bbox 1268 2653 1482 2719; x_wconf 82' lang='lat' dir='ltr'>placuit,</span> <span class='ocrx_word' id='word_1_186' title='bbox 1523 2670 1624 2706; x_wconf 91' lang='lat' dir='ltr'>non</span> <span class='ocrx_word' id='word_1_187' title='bbox 1665 2655 1889 2707; x_wconf 87' lang='lat' dir='ltr'>uendere</span> <span class='ocrx_word' id='word_1_188' title='bbox 1929 2656 2078 2708; x_wconf 86' lang='lat' dir='ltr'>farra.</span> 
     </span>
     <span class='ocr_line' id='line_1_28' title="bbox 598 2739 2109 2812; baseline 0.005 -24"><span class='ocrx_word' id='word_1_189' title='bbox 598 2751 653 2794; x_wconf 84' lang='lat'>24</span> <span class='ocrx_word' id='word_1_190' title='bbox 691 2739 886 2790; x_wconf 87' lang='lat' dir='ltr'>inditur</span> <span class='ocrx_word' id='word_1_191' title='bbox 924 2739 1044 2791; x_wconf 91' lang='lat' dir='ltr'>hinc</span> <span class='ocrx_word' id='word_1_192' title='bbox 1083 2741 1276 2806; x_wconf 91' lang='lat' dir='ltr'>populo</span> <span class='ocrx_word' id='word_1_193' title='bbox 1319 2741 1614 2807; x_wconf 89' lang='lat' dir='ltr'>quintarum</span> <span class='ocrx_word' id='word_1_194' title='bbox 1657 2742 1838 2810; x_wconf 91' lang='lat' dir='ltr'>pensio</span> <span class='ocrx_word' id='word_1_195' title='bbox 1880 2743 2109 2812; x_wconf 78' lang='lat' dir='ltr'>frugum,</span> 
     </span>
    </p>
   </div>
   <div class='ocr_carea' id='block_1_3' title="bbox 326 2953 2231 3458">
    <p class='ocr_par' dir='ltr' id='par_1_3' title="bbox 326 2953 2231 3458">
     <span class='ocr_line' id='line_1_29' title="bbox 388 2953 2230 3019; baseline 0.006 -25"><span class='ocrx_word' id='word_1_196' title='bbox 388 2953 497 2996; x_wconf 81' lang='grc'>1436</span> <span class='ocrx_word' id='word_1_197' title='bbox 546 2954 691 3009; x_wconf 82' lang='lat' dir='ltr'>patria</span> <span class='ocrx_word' id='word_1_198' title='bbox 738 2955 998 2998; x_wconf 63' lang='lat' dir='ltr'>Mem-temus</span> <span class='ocrx_word' id='word_1_199' title='bbox 1080 2957 1382 3001; x_wconf 88' lang='lat' dir='ltr'>modoramine</span> <span class='ocrx_word' id='word_1_200' title='bbox 1414 2958 1455 3001; x_wconf 98' lang='lat' dir='ltr'><strong><em>G</em></strong></span> <span class='ocrx_word' id='word_1_201' title='bbox 1593 2960 1707 3002; x_wconf 81' lang='grc'>1438</span> <span class='ocrx_word' id='word_1_202' title='bbox 1757 2960 1921 3003; x_wconf 82' lang='lat' dir='ltr'>festino</span> <span class='ocrx_word' id='word_1_203' title='bbox 1970 2963 2230 3019; x_wconf 87' lang='lat' dir='ltr'>properant]</span> 
     </span>
     <span class='ocr_line' id='line_1_30' title="bbox 326 3027 2231 3080; baseline 0.007 -13"><span class='ocrx_word' id='word_1_204' title='bbox 326 3027 540 3069; x_wconf 79' lang='lat' dir='ltr'>festinant</span> <span class='ocrx_word' id='word_1_205' title='bbox 572 3027 615 3068; x_wconf 99' lang='lat' dir='ltr'><strong><em>A</em></strong></span> <span class='ocrx_word' id='word_1_206' title='bbox 773 3028 884 3070; x_wconf 87' lang='lat'>1440</span> <span class='ocrx_word' id='word_1_207' title='bbox 924 3029 1035 3072; x_wconf 86' lang='lat' dir='ltr'>haut</span> <span class='ocrx_word' id='word_1_208' title='bbox 1065 3030 1156 3072; x_wconf 91' lang='lat' dir='ltr'>AG</span> <span class='ocrx_word' id='word_1_209' title='bbox 1250 3032 1425 3074; x_wconf 81' lang='lat' dir='ltr'>adstare</span> <span class='ocrx_word' id='word_1_210' title='bbox 1466 3033 1729 3077; x_wconf 71' lang='lat' dir='ltr'>Martemus</span> <span class='ocrx_word' id='word_1_211' title='bbox 1882 3037 1994 3078; x_wconf 89' lang='grc'>1441</span> <span class='ocrx_word' id='word_1_212' title='bbox 2046 3037 2154 3080; x_wconf 82' lang='lat' dir='ltr'>exiit</span> <span class='ocrx_word' id='word_1_213' title='bbox 2189 3036 2231 3079; x_wconf 89' lang='lat' dir='ltr'><em>G</em></span> 
     </span>
     <span class='ocr_line' id='line_1_31' title="bbox 330 3098 2229 3166; baseline 0.007 -27"><span class='ocrx_word' id='word_1_214' title='bbox 330 3099 440 3141; x_wconf 76' lang='grc'>1442</span> <span class='ocrx_word' id='word_1_215' title='bbox 475 3098 676 3141; x_wconf 83' lang='lat' dir='ltr'>obtatum</span> <span class='ocrx_word' id='word_1_216' title='bbox 701 3100 743 3141; x_wconf 96' lang='lat' dir='ltr'><strong><em>A</em></strong></span> <span class='ocrx_word' id='word_1_217' title='bbox 805 3101 1028 3157; x_wconf 83' lang='lat' dir='ltr'>falangem</span> <span class='ocrx_word' id='word_1_218' title='bbox 1058 3102 1099 3145; x_wconf 97' lang='lat' dir='ltr'><em>G</em></span> <span class='ocrx_word' id='word_1_219' title='bbox 1191 3105 1304 3147; x_wconf 83' lang='lat'>1443</span> <span class='ocrx_word' id='word_1_220' title='bbox 1329 3105 1587 3161; x_wconf 81' lang='lat' dir='ltr'>Ingreditur</span> <span class='ocrx_word' id='word_1_221' title='bbox 1611 3108 1655 3149; x_wconf 88' lang='lat' dir='ltr'><strong><em>A</em></strong></span> <span class='ocrx_word' id='word_1_222' title='bbox 1688 3108 1958 3164; x_wconf 85' lang='lat' dir='ltr'>Regreditur</span> <span class='ocrx_word' id='word_1_223' title='bbox 1986 3109 2028 3151; x_wconf 88' lang='lat' dir='ltr'><strong><em>G</em></strong></span> <span class='ocrx_word' id='word_1_224' title='bbox 2089 3110 2229 3166; x_wconf 86' lang='lat' dir='ltr'>regis-</span> 
     </span>
     <span class='ocr_line' id='line_1_32' title="bbox 329 3174 2231 3233; baseline 0.007 -19"><span class='ocrx_word' id='word_1_225' title='bbox 329 3174 430 3229; x_wconf 87' lang='lat' dir='ltr'>que]</span> <span class='ocrx_word' id='word_1_226' title='bbox 480 3187 562 3228; x_wconf 88' lang='lat' dir='ltr'>que</span> <span class='ocrx_word' id='word_1_227' title='bbox 610 3187 691 3216; x_wconf 84' lang='lat' dir='ltr'>om.</span> <span class='ocrx_word' id='word_1_228' title='bbox 726 3174 767 3215; x_wconf 90' lang='lat' dir='ltr'><em>A</em></span> <span class='ocrx_word' id='word_1_229' title='bbox 912 3176 1025 3218; x_wconf 87' lang='grc'>1444</span> <span class='ocrx_word' id='word_1_230' title='bbox 1072 3191 1259 3233; x_wconf 83' lang='lat' dir='ltr'>propera</span> <span class='ocrx_word' id='word_1_231' title='bbox 1306 3179 1450 3222; x_wconf 79' lang='lat' dir='ltr'>ferens</span> <span class='ocrx_word' id='word_1_232' title='bbox 1488 3180 1528 3223; x_wconf 93' lang='lat' dir='ltr'><strong><em>G</em></strong></span> <span class='ocrx_word' id='word_1_233' title='bbox 1678 3183 1790 3224; x_wconf 87' lang='grc'>1446</span> <span class='ocrx_word' id='word_1_234' title='bbox 1839 3183 2104 3226; x_wconf 84' lang='lat' dir='ltr'>memfiticus</span> <span class='ocrx_word' id='word_1_235' title='bbox 2138 3183 2231 3226; x_wconf 89' lang='lat' dir='ltr'>AG</span> 
     </span>
     <span class='ocr_line' id='line_1_33' title="bbox 332 3247 2231 3311; baseline 0.007 -25"><span class='ocrx_word' id='word_1_236' title='bbox 332 3247 440 3287; x_wconf 88' lang='grc'>1447</span> <span class='ocrx_word' id='word_1_237' title='bbox 468 3260 710 3301; x_wconf 84' lang='lat' dir='ltr'>conponere</span> <span class='ocrx_word' id='word_1_238' title='bbox 735 3247 779 3289; x_wconf 93' lang='lat' dir='ltr'>in</span> <span class='ocrx_word' id='word_1_239' title='bbox 797 3248 839 3289; x_wconf 93' lang='lat' dir='ltr'><strong><em>A</em></strong></span> <span class='ocrx_word' id='word_1_240' title='bbox 866 3254 1132 3304; x_wconf 85' lang='lat' dir='ltr'>conponeret</span> <span class='ocrx_word' id='word_1_241' title='bbox 1160 3251 1219 3292; x_wconf 82' lang='lat' dir='ltr'>‹in</span> <span class='ocrx_word' id='word_1_242' title='bbox 1246 3258 1346 3294; x_wconf 53' lang='lat' dir='ltr'>oms»</span> <span class='ocrx_word' id='word_1_243' title='bbox 1373 3252 1414 3295; x_wconf 87' lang='lat' dir='ltr'><em>G</em></span> <span class='ocrx_word' id='word_1_244' title='bbox 1508 3254 1621 3296; x_wconf 91' lang='grc'>1448</span> <span class='ocrx_word' id='word_1_245' title='bbox 1646 3254 1865 3311; x_wconf 85' lang='lat' dir='ltr'>longeuus</span> <span class='ocrx_word' id='word_1_246' title='bbox 1884 3256 1976 3299; x_wconf 91' lang='lat' dir='ltr'>AG</span> <span class='ocrx_word' id='word_1_247' title='bbox 2040 3271 2165 3299; x_wconf 83' lang='lat' dir='ltr'>senes</span> <span class='ocrx_word' id='word_1_248' title='bbox 2189 3256 2231 3300; x_wconf 88' lang='lat' dir='ltr'><em>G</em></span> 
     </span>
     <span class='ocr_line' id='line_1_34' title="bbox 330 3319 2230 3373; baseline 0.007 -14"><span class='ocrx_word' id='word_1_249' title='bbox 330 3320 440 3360; x_wconf 83' lang='lat'>1449</span> <span class='ocrx_word' id='word_1_250' title='bbox 462 3319 713 3373; x_wconf 85' lang='lat' dir='ltr'>elonquitur</span> <span class='ocrx_word' id='word_1_251' title='bbox 730 3319 773 3360; x_wconf 95' lang='lat' dir='ltr'><strong><em>A</em></strong></span> <span class='ocrx_word' id='word_1_252' title='bbox 859 3321 969 3363; x_wconf 82' lang='lat'>1451</span> <span class='ocrx_word' id='word_1_253' title='bbox 991 3321 1144 3364; x_wconf 82' lang='lat' dir='ltr'>ducem</span> <span class='ocrx_word' id='word_1_254' title='bbox 1163 3323 1424 3367; x_wconf 66' lang='lat' dir='ltr'>Martmzz&#39;us</span> <span class='ocrx_word' id='word_1_255' title='bbox 1443 3325 1596 3369; x_wconf 82' lang='lat' dir='ltr'>(locem</span> <span class='ocrx_word' id='word_1_256' title='bbox 1620 3326 1660 3369; x_wconf 90' lang='lat' dir='ltr'><em>G</em></span> <span class='ocrx_word' id='word_1_257' title='bbox 1681 3327 1811 3371; x_wconf 86' lang='lat' dir='ltr'>docet</span> <span class='ocrx_word' id='word_1_258' title='bbox 1828 3329 1872 3370; x_wconf 95' lang='lat' dir='ltr'><strong><em>A</em></strong></span> <span class='ocrx_word' id='word_1_259' title='bbox 1961 3331 2073 3372; x_wconf 91' lang='lat'>1455</span> <span class='ocrx_word' id='word_1_260' title='bbox 2092 3329 2169 3372; x_wconf 88' lang='lat' dir='ltr'>ubi</span> <span class='ocrx_word' id='word_1_261' title='bbox 2187 3330 2230 3372; x_wconf 92' lang='lat' dir='ltr'><strong><em>A</em></strong></span> 
     </span>
     <span class='ocr_line' id='line_1_35' title="bbox 328 3390 2231 3458; baseline 0.008 -28"><span class='ocrx_word' id='word_1_262' title='bbox 328 3390 389 3431; x_wconf 88' lang='lat' dir='ltr'>ibi</span> <span class='ocrx_word' id='word_1_263' title='bbox 419 3390 459 3432; x_wconf 91' lang='lat' dir='ltr'><em>G</em></span> <span class='ocrx_word' id='word_1_264' title='bbox 521 3390 675 3433; x_wconf 80' lang='lat' dir='ltr'>derant</span> <span class='ocrx_word' id='word_1_265' title='bbox 704 3391 744 3433; x_wconf 87' lang='lat' dir='ltr'><em>G</em></span> <span class='ocrx_word' id='word_1_266' title='bbox 777 3391 959 3435; x_wconf 83' lang='lat' dir='ltr'>deerant</span> <span class='ocrx_word' id='word_1_267' title='bbox 982 3394 1026 3435; x_wconf 94' lang='lat' dir='ltr'><strong><em>A</em></strong></span> <span class='ocrx_word' id='word_1_268' title='bbox 1170 3397 1282 3438; x_wconf 80' lang='lat' dir='ltr'>145ss</span> <span class='ocrx_word' id='word_1_269' title='bbox 1315 3398 1556 3441; x_wconf 81' lang='lat' dir='ltr'>niemfitica</span> <span class='ocrx_word' id='word_1_270' title='bbox 1580 3399 1672 3442; x_wconf 92' lang='lat' dir='ltr'>AG</span> <span class='ocrx_word' id='word_1_271' title='bbox 1790 3402 1903 3444; x_wconf 86' lang='lat'>1457</span> <span class='ocrx_word' id='word_1_272' title='bbox 1938 3403 2158 3458; x_wconf 88' lang='lat' dir='ltr'>praetium</span> <span class='ocrx_word' id='word_1_273' title='bbox 2189 3403 2231 3446; x_wconf 89' lang='lat' dir='ltr'><strong><em>G</em></strong></span> 
     </span>
    </p>
   </div>
   <div class='ocr_carea' id='block_1_4' title="bbox 331 3463 2231 3595">
    <p class='ocr_par' dir='ltr' id='par_1_4' title="bbox 331 3463 2231 3595">
     <span class='ocr_line' id='line_1_36' title="bbox 332 3463 2231 3531; baseline 0.009 -28"><span class='ocrx_word' id='word_1_274' title='bbox 332 3464 442 3505; x_wconf 89' lang='grc'>1458</span> <span class='ocrx_word' id='word_1_275' title='bbox 475 3463 653 3506; x_wconf 81' lang='lat' dir='ltr'>nudatis</span> <span class='ocrx_word' id='word_1_276' title='bbox 688 3478 826 3519; x_wconf 79' lang='lat' dir='ltr'>aeque</span> <span class='ocrx_word' id='word_1_277' title='bbox 851 3466 894 3507; x_wconf 92' lang='lat' dir='ltr'><strong><em>A</em></strong></span> <span class='ocrx_word' id='word_1_278' title='bbox 1017 3469 1129 3511; x_wconf 76' lang='lat'>1459</span> <span class='ocrx_word' id='word_1_279' title='bbox 1162 3474 1320 3526; x_wconf 81' lang='lat' dir='ltr'>pccpto</span> <span class='ocrx_word' id='word_1_280' title='bbox 1347 3472 1391 3513; x_wconf 94' lang='lat' dir='ltr'><strong><em>A</em></strong></span> <span class='ocrx_word' id='word_1_281' title='bbox 1423 3478 1660 3529; x_wconf 74' lang='lat' dir='ltr'>praecepto</span> <span class='ocrx_word' id='word_1_282' title='bbox 1692 3474 1733 3516; x_wconf 87' lang='lat' dir='ltr'><em>G</em></span> <span class='ocrx_word' id='word_1_283' title='bbox 1805 3489 1890 3530; x_wconf 86' lang='lat' dir='ltr'>quo</span> <span class='ocrx_word' id='word_1_284' title='bbox 1917 3490 1952 3530; x_wconf 75' lang='lat' dir='ltr'>p</span> <span class='ocrx_word' id='word_1_285' title='bbox 1995 3476 2113 3531; x_wconf 84' lang='lat' dir='ltr'>quod</span> <span class='ocrx_word' id='word_1_286' title='bbox 2138 3476 2231 3520; x_wconf 88' lang='lat' dir='ltr'>AG</span> 
     </span>
     <span class='ocr_line' id='line_1_37' title="bbox 331 3536 1454 3595; baseline 0.011 -19"><span class='ocrx_word' id='word_1_287' title='bbox 331 3537 439 3578; x_wconf 70' lang='grc'>1401</span> <span class='ocrx_word' id='word_1_288' title='bbox 477 3536 574 3579; x_wconf 79' lang='lat' dir='ltr'>duci</span> <span class='ocrx_word' id='word_1_289' title='bbox 608 3538 792 3593; x_wconf 75' lang='lat' dir='ltr'>placuit]</span> <span class='ocrx_word' id='word_1_290' title='bbox 826 3539 1073 3595; x_wconf 85' lang='lat' dir='ltr'>duplicauit</span> <span class='ocrx_word' id='word_1_291' title='bbox 1097 3543 1140 3584; x_wconf 95' lang='lat' dir='ltr'><strong><em>A</em></strong></span> <span class='ocrx_word' id='word_1_292' title='bbox 1202 3544 1383 3587; x_wconf 84' lang='lat' dir='ltr'>uindere</span> <span class='ocrx_word' id='word_1_293' title='bbox 1415 3545 1454 3588; x_wconf 92' lang='lat' dir='ltr'><em>G</em></span> 
     </span>
    </p>
   </div>
   <div class='ocr_carea' id='block_1_5' title="bbox 2361 525 2436 569">
    <p class='ocr_par' dir='ltr' id='par_1_5' title="bbox 2361 525 2436 569">
     <span class='ocr_line' id='line_1_38' title="bbox 2361 525 2436 569; baseline 0 0"><span class='ocrx_word' id='word_1_294' title='bbox 2361 525 2436 569; x_wconf 66' lang='lat'>135</span> 
     </span>
    </p>
   </div>
   <div class='ocr_carea' id='block_1_6' title="bbox 2365 978 2436 1021">
    <p class='ocr_par' dir='ltr' id='par_1_6' title="bbox 2365 978 2436 1021">
     <span class='ocr_line' id='line_1_39' title="bbox 2365 978 2436 1021; baseline 0 0"><span class='ocrx_word' id='word_1_295' title='bbox 2365 978 2436 1021; x_wconf 64' lang='lat'>135</span> 
     </span>
    </p>
   </div>
   <div class='ocr_carea' id='block_1_7' title="bbox 2371 1416 2436 1458">
    <p class='ocr_par' dir='ltr' id='par_1_7' title="bbox 2371 1416 2436 1458">
     <span class='ocr_line' id='line_1_40' title="bbox 2371 1416 2436 1458; baseline -0.015 0"><span class='ocrx_word' id='word_1_296' title='bbox 2371 1416 2436 1458; x_wconf 55' lang='lat' dir='ltr'>13ss</span> 
     </span>
    </p>
   </div>
   <div class='ocr_carea' id='block_1_8' title="bbox 2376 2316 2436 2358">
    <p class='ocr_par' dir='ltr' id='par_1_8' title="bbox 2376 2316 2436 2358">
     <span class='ocr_line' id='line_1_41' title="bbox 2376 2316 2436 2358; baseline 0 0"><span class='ocrx_word' id='word_1_297' title='bbox 2376 2316 2436 2358; x_wconf 55' lang='lat'>141</span> 
     </span>
    </p>
   </div>
   <div class='ocr_carea' id='block_1_9' title="bbox 2375 2767 2436 2810">
    <p class='ocr_par' dir='ltr' id='par_1_9' title="bbox 2375 2767 2436 2810">
     <span class='ocr_line' id='line_1_42' title="bbox 2375 2767 2436 2810; baseline 0.016 -1"><span class='ocrx_word' id='word_1_298' title='bbox 2375 2767 2436 2810; x_wconf 79' lang='lat'>14⁴</span> 
     </span>
    </p>
   </div>
  </div>
 </body>
</html>
