2436 3944
742 289 779 333 G
800 303 820 331 e
840 304 867 330 11
888 306 908 331 e
930 304 946 330 s
966 290 979 330 ’1
999 303 1016 330 s
1051 286 1332 336 ?4‚02--2i5.12
1937 286 1996 335 3]

92 456 197 505 805
427 453 617 504 bucina
658 452 933 503 raucisono
978 451 1102 501 duni
1145 449 1355 515 conplet
1398 465 1515 502 saxa
1558 455 1798 502 tremore.

429 543 510 592 ast
551 541 702 592 alius.
745 541 924 591 blandi
966 552 1281 591 conseruans
1323 538 1551 602 pectoris
1597 539 1726 600 acta.)

428 629 691 697 gaudebat
729 629 911 696 patriis
953 629 1184 679 inlaesus
1226 625 1406 677 uiuere
1448 626 1621 677 tect-is.

327 732 382 774 28
424 719 671 770 maiorem
713 718 917 786 genitor
955 720 1133 768 tenero
1175 715 1422 782 palpabat
1463 731 1652 767 amore.

428 812 508 860 ast
550 809 710 859 alium
751 810 862 860 toto
904 807 1171 858 mulcebat
1209 807 1420 872 pectore
1462 808 1642 856 mater.

90 899 197 949 810
329 912 384 952 25>
428 897 517 963 qui
559 913 677 947 cum
718 896 977 947 Niliacam
1016 895 1213 946 lentem
1255 892 1508 944 soluisset
1548 893 1599 943 in
1642 893 1798 954 unda,

427 985 726 1053 conpositos
766 985 977 1035 fratrem
1018 983 1271 1034 nitentem
1315 997 1519 1033 sumere
1560 984 1743 1048 pastus

331 1088 384 1130 30
426 1073 669 1141 perpulit,
712 1076 772 1124 ut
810 1073 1005 1140 primos
1049 1070 1262 1122 sibimet
1306 1070 1528 1121 deferret
1567 1070 1806 1122 honores,

219 1164 288 1214 26
363 1178 376 1218 1
428 1164 553 1213 haec
595 1162 729 1212 inter
769 1160 1073 1212 malesuada
1114 1159 1278 1210 fames
1322 1160 1374 1210 et
1413 1158 1580 1224 prima
1619 1159 1877 1209 malorum

428 1249 663 1315 conpulit
704 1265 732 1299 a
771 1248 954 1315 patriis
988 1249 1165 1298 uatem
1208 1245 1474 1297 discedere
1516 1246 1685 1298 terris,

89 1340 194 1389 815
425 1337 706 1388 Philistina
748 1337 881 1403 petit
922 1352 1056 1387 rura.
1101 1351 1218 1386 mox
1262 1333 1491 1402 Gargara
1533 1335 1736 1386 transit.

425 1425 764 1477 Abimelecha
805 1441 899 1476 suo
942 1440 1072 1490 quae
1113 1425 1229 1474 tum
1271 1423 1367 1474 sub
1409 1423 1519 1474 iure
1561 1424 1788 1475 tenebat.

362 1528 388 1569 P
427 1514 670 1565 incedens
714 1514 850 1565 claro
894 1512 1162 1565 dominum
1205 1527 1324 1563 cum
1366 1511 1562 1562 lumine
1606 1511 1739 1562 uidit

433 1604 738 1670 arguentem
782 1601 952 1654 dictis.
997 1600 1149 1651 adeat
1188 1615 1250 1650 ne
1292 1615 1450 1666 regna
1492 1598 1704 1666 Canopi,

430 1691 522 1742 sed
561 1693 737 1741 teneat
778 1691 967 1750 solum.v
1012 1688 1254 1740 dominus
1297 1687 1435 1753 quod
1474 1687 1753 1754 praestitit.
1799 1704 1999 1739 aruum.

93 1780 201 1830 820
363 1793 387 1834 3
436 1779 601 1840 „Nam
642 1778 768 1829 licet
806 1778 1016 1845 ignotos
1057 1777 1192 1827 inter
1230 1775 1441 1826 uideare
1482 1776 1688 1837 morari,

428 1870 655 1918 attamen
697 1866 992 1917 inmensum
1035 1864 1240 1933 genitor
1278 1879 1556 1914 mansurus
1597 1863 1649 1914 in
1692 1864 1868 1915 orbem

358 1971 384 2011 4
428 1956 624 2007 semine
665 1955 949 2021 multiplici
991 1953 1246 2021 gaudebis
1290 1969 1520 2004 crescere
1563 1956 1765 2020 gentes,

426 2045 742 2096 testamenta
781 2043 885 2094 mei
927 2044 1135 2095 sument
1175 2057 1306 2108 quae
1347 2041 1569 2092 maxima
1611 2042 1808 2093 uerbi.“

358 2145 382 2187 6
423 2132 567 2183 ilicet
606 2131 657 2182 in
701 2130 908 2183 Geraris
952 2130 1092 2182 socia
1134 2145 1252 2181 cum
1294 2129 1515 2196 coniuge
1559 2129 1770 2197 degenS‚

85 2220 191 2271 825
361 2234 384 2275 7
427 2236 723 2288 germanam
767 2220 943 2286 potius
985 2222 1197 2286 paterno
1241 2217 1485 2269 edisserit
1527 2219 1663 2269 actu,

422 2324 483 2358 ne
527 2310 788 2360 commota
827 2308 934 2358 leui
976 2307 1216 2373 cupidine
1258 2306 1407 2357 turba
1450 2305 1719 2357 Philistim

430 2397 730 2464 coniugium
773 2397 910 2447 uatis
955 2395 1205 2462 correptis
1246 2396 1458 2447 tolleret
1498 2394 1671 2446 armis.

362 2498 387 2540 8
431 2490 481 2535 at
523 2501 623 2537 rex,
668 2486 791 2536 dum
834 2485 1014 2552 patula
1054 2485 1246 2535 lustrat
1287 2486 1487 2535 secreta
1526 2483 1771 2546 fenestra,

431 2572 699 2623 ludentem
740 2572 894 2623 niuea
936 2571 1101 2623 cernit
1141 2587 1260 2622 cum
1304 2571 1525 2637 coniuge
1566 2572 1764 2634 uatem,

95 2658 201 2708 830
339 2672 390 2713 lo
433 2659 818 2725 conubiumque
860 2659 1044 2710 uidens
1087 2660 1305 2709 cunctos
1348 2657 1444 2708 sub
1486 2657 1603 2724 lege
1646 2657 1903 2721 cohercet,

338 2759 385 2800 11
432 2762 493 2797 ne
536 2747 731 2798 sociam
772 2746 1048 2812 quisquam
1088 2746 1313 2811 temptet
1351 2745 1554 2810 raptare
1596 2743 1896 2810 prophetae.

338 2847 389 2888 κ.)
431 2834 636 2900 iamque
677 2834 868 2885 famem
911 2833 1109 2884 dudum
1149 2831 1331 2899 patriis
1373 2831 1462 2897 qui
1502 2830 1709 2898 fugerat
1750 2831 1868 2893 oris,

146 3035 231 3078 8Οῷ
280 3036 474 3092 conplet]
525 3038 610 3079 AC
715 3037 799 3079 807
848 3038 1014 3079 inlesus
1064 3034 1144 3078 AC
1217 3038 1362 3078 tectus
1401 3036 1461 3079 G¹
1570 3034 1654 3077 800
1702 3035 1819 3089 toto]
1859 3037 1930 3076 tot
1968 3034 2003 3076 C

87 3109 173 3150 810
206 3108 430 3165 niliacum}
464 3111 576 3152 nihil
600 3111 689 3153 iam
719 3111 760 3153 G
851 3111 933 3153 811
964 3109 1236 3165 conpositos]
1264 3109 1344 3151 AC
1403 3108 1632 3151 nidentem
1663 3106 1705 3149 G
1798 3106 1883 3149 812
1911 3108 1998 3163 pri-

89 3195 184 3223 mus
222 3181 263 3224 G
385 3183 469 3225 813
517 3184 776 3226 inalasuada
804 3188 845 3226 A
931 3183 1058 3225 famis
1094 3198 1128 3222 ω
1251 3182 1337 3225 814
1387 3182 1605 3237 conpulit]
1645 3180 1750 3223 G¹11
1831 3181 1873 3235 a]
1908 3194 1928 3222 e
1968 3181 2004 3222 C

93 3257 217 3297 uates
241 3255 282 3298 G
345 3256 601 3313 descendes]
620 3260 663 3300 A
748 3259 833 3300 815
859 3258 1044 3299 filistina
1068 3256 1150 3299 CG
1243 3255 1460 3311 Gargara]
1486 3256 1619 3297 2)an
1646 3253 1813 3297 Gerara
1840 3253 2000 3307 cf.324

89 3327 173 3368 816
225 3329 545 3372 amiinelec·liau
579 3345 657 3374 suo
696 3331 737 3374 G
845 3331 930 3373 818
978 3335 1031 3372 ne
1068 3331 1108 3370 A
1232 3329 1314 3371 821
1352 3328 1563 3371 adtamen
1601 3327 1643 3370 G
1750 3326 1837 3368 822
1885 3325 1998 3368 mul-

91 3398 215 3453 tiplic
250 3401 285 3441 (v
374 3401 459 3443 823
495 3405 626 3458 quae}
661 3418 701 3459 q.
737 3403 772 3446 C
862 3403 947 3445 824
980 3402 1122 3445 illicet
1157 3401 1192 3443 C
1281 3402 1364 3443 825
1400 3401 1595 3443 fraterno
1630 3405 1668 3441 Α
1762 3399 1926 3441 82611ἐ
1955 3399 1999 3440 A

90 3470 260 3513 filistim
293 3477 331 3513 Α
364 3474 490 3516 filis-ti
524 3475 605 3517 CG
697 3475 781 3518 828
816 3475 872 3517 ad
905 3489 977 3517 rex
1014 3475 1056 3518 G
1147 3474 1232 3517 830
1267 3475 1430 3517 cocrcit
1469 3474 1510 3516 G
1603 3473 1685 3515 831
1723 3472 1920 3527 profetae
1959 3470 2000 3514 G

92 3543 177 3584 882
211 3544 328 3587 horis
363 3547 444 3589 CG

2187 540 2270 584 750

2184 1435 2267 1479 760

2181 1884 2264 1926 765

2182 2331 2264 2375 770

2179 2770 2263 2814 775
