2436 3944
824 238 898 280 Ex
920 252 943 279 0
963 239 1074 281 (1113
1126 242 1200 290 1,11
1230 238 1347 282 γ--2.12
1983 239 2050 289 59

373 415 399 455 4
439 400 578 451 1111110
619 415 863 466 germana
901 400 1084 466 procul
1125 399 1246 451 uisu
1289 399 1521 452 custodit
1561 402 1730 452 acuto,

149 490 214 541 50
444 488 696 552 quantum
739 486 846 538 acie
888 489 1112 553 possunt
1155 486 1294 539 oculi
1335 503 1541 538 seruare
1585 488 1881 553 sequenteS‚

443 577 503 625 ut
542 590 723 626 casum
766 575 986 641 expositi
1026 575 1196 641 possit
1235 591 1438 626 narrare
1478 575 1696 642 parenti.

376 676 402 719 5
444 662 536 714 sed
575 664 706 725 tuni,
748 663 1057 729 plausibiles
1100 663 1225 714 dum
1266 666 1442 730 captat
1480 664 1618 714 laeta
1658 665 1884 725 nat-atus,

440 751 740 818 pedisequis
785 752 1034 804 comitata
1074 752 1182 804 suis
1225 768 1279 803 se
1320 752 1428 803 filia
1465 752 1604 819 regis

447 840 661 891 flumine
703 840 979 908 tinguebat
1017 841 1222 907 placido
1266 857 1558 907 corpusque
1597 841 1826 891 lauabat.

152 930 220 980 60
447 927 670 992 adspicit
708 928 836 979 haec
875 928 1138 980 modicam
1170 928 1374 978 tumida
1407 944 1564 995 super
1596 943 1821 994 aequora
1852 927 2061 977 lintrem

450 1016 785 1082 cupitamque
824 1016 972 1067 iubet
1009 1016 1254 1084 praedam
1297 1017 1494 1067 deferre
1538 1016 1822 1067 ministras.

351 1116 408 1159 06
448 1103 569 1154 11130
610 1104 822 1162 alacres,
866 1106 926 1155 ut
964 1105 1102 1156 laeta
1143 1105 1327 1156 subest
1366 1104 1687 1171 pubentibus
1731 1105 1889 1165 aetas,

448 1192 739 1259 inpositum
781 1194 995 1260 cymbae
1036 1194 1268 1245 referunt
1310 1209 1586 1259 coraliique
1627 1193 1861 1244 locantes

452 1284 686 1334 materno
731 1282 966 1334 efficiunt
1007 1299 1163 1334 sensu
1207 1283 1432 1350 gaudere
1473 1283 1721 1349 puellam.

157 1372 224 1422 65
454 1385 584 1434 quae
627 1369 842 1436 cupiens
885 1386 1090 1421 seruare
1133 1370 1231 1421 sibi
1272 1372 1377 1420 tam
1422 1369 1595 1420 dulcia
1634 1369 1829 1420 formae

455 1457 645 1523 gaudia
687 1460 738 1508 et
779 1457 992 1509 eximiae
1032 1460 1385 1524 praestantem
1426 1457 1612 1508 frontis
1653 1457 1903 1508 honorem

391 1558 414 1599 7
454 1545 695 1596 Hebraea
735 1545 797 1596 de
837 1546 989 1612 plebe
1029 1546 1218 1612 palam.
1262 1562 1392 1612 quae
1435 1545 1669 1597 conferet
1709 1544 1874 1603 altrix,

455 1634 676 1701 imperat
717 1634 888 1698 acciri,
928 1635 1178 1702 puerique
1220 1636 1347 1686 haec
1389 1650 1512 1686 cura
1552 1634 1714 1686 sorori

391 1736 416 1779 8
457 1723 669 1774 inditur.
711 1724 803 1774 illa
842 1726 999 1776 uocat
1039 1725 1183 1775 nulla
1222 1724 1324 1775 iam
1366 1724 1544 1775 fraude
1585 1725 1854 1790 parentem

166 1815 232 1866 70
395 1826 419 1868 9
463 1812 761 1865 sollicitam.
807 1813 890 1864 cui
931 1815 1052 1864 nata
1093 1813 1239 1865 ducis
1283 1829 1375 1865 sua
1416 1813 1633 1880 pignora
1673 1813 1839 1863 laetae

456 1900 710 1961 redderet,
754 1900 991 1966 adposito
1033 1900 1253 1951 nutricis
1294 1900 1501 1952 nomine
1543 1899 1712 1950 matri.

457 1988 690 2040 adcreuit
729 1989 1021 2056 raptimque
1064 2005 1193 2056 puer
1231 1989 1491 2056 prorepsit
1529 1989 1590 2039 ad
1635 2003 1813 2049 3111103,

458 2077 725 2144 primaeuo
770 2078 858 2144 qui
898 2078 1021 2129 flore
1063 2078 1251 2135 uirent,
1296 2080 1348 2128 et
1389 2077 1596 2128 deditus
1639 2077 1788 2127 aulae

456 2165 672 2233 pignore
712 2182 802 2233 pro
845 2182 968 2218 uero
1011 2168 1159 2217 natae
1201 2166 1485 2218 Pharaonis
1528 2166 1765 2225 habetur,

165 2256 230 2307 75
365 2268 417 2310 10
461 2255 651 2322 accipit
691 2257 743 2306 et
780 2271 968 2307 nomen
1009 2256 1271 2318 MusseOS,
1315 2256 1453 2321 quod
1492 2255 1627 2307 foret
1667 2254 1819 2306 undis

463 2345 732 2410 exemptus
774 2343 1023 2409 querulis,
1064 2344 1270 2395 modico
1312 2344 1551 2395 fluitante
1591 2344 1773 2395 faselo,

365 2445 414 2487 11
458 2431 546 2481 ille
589 2433 765 2482 autem
804 2431 999 2498 ingenii
1038 2432 1270 2483 monitus
1313 2432 1585 2498 cordisque
1627 2433 1841 2483 secutus

462 2522 738 2588 cognatam
777 2521 998 2571 lustrare
1038 2523 1185 2587 parat
1226 2521 1421 2572 circum
1463 2521 1652 2587 oppida
1693 2522 1921 2587 gentem,

461 2625 592 2675 quae
634 2609 760 2660 duro
801 2611 1073 2675 praesente
1112 2609 1236 2677 iugo
1279 2625 1333 2660 se
1374 2612 1575 2661 maesta
1618 2609 1890 2675 coquebat.

168 2698 235 2748 80
463 2696 594 2748 forte
635 2696 751 2747 uiae
792 2696 964 2748 medio
1006 2697 1195 2747 Pharia
1235 2697 1296 2748 de
1336 2697 1488 2764 plebe
1529 2698 1707 2747 tuetur

463 2785 693 2835 clamosa
734 2799 853 2835 cum
895 2800 1024 2835 uoce
1067 2784 1239 2834 uirum
1277 2785 1500 2835 multare
1543 2786 1842 2851 gementem

463 2873 761 2923 Hebraeum
803 2872 1078 2938 quendam,
1123 2875 1422 2938 sortemque
1465 2888 1649 2924 exosus
1691 2872 1938 2938 iniquam.

367 2974 421 3016 12
464 2960 635 3012 omnia
675 2961 966 3011 conlustrat
1006 2962 1317 3027 nullumque
1358 2961 1443 3012 hic
1485 2961 1658 3012 adfore
1702 2976 1932 3021 cernens,

466 3048 554 3115 qui
593 3048 746 3099 testis
789 3051 1032 3115 conperta
1071 3050 1186 3101 loco
1229 3049 1529 3116 depromere
1570 3049 1757 3115 possit,

229 3207 284 3250 60
340 3206 531 3262 adspicit
577 3205 685 3248 haec
718 3222 745 3246 π
803 3241 810 3247 .
841 3241 847 3247 .
877 3240 885 3248 .
912 3221 938 3261 p
971 3239 978 3247 .
1008 3241 1015 3247 .
1046 3241 1052 3247 .
1082 3240 1089 3247 .
1118 3219 1193 3247 aec
1251 3207 1418 3258 (cetera
1463 3206 1730 3248 interierunt
1777 3206 1998 3260 scissura)
2033 3205 2076 3247 A

171 3280 224 3323 67
253 3279 440 3322 aebraea
464 3279 508 3320 A
571 3292 682 3334 quae
704 3296 731 3320 π
766 3293 805 3334 (1;
825 3279 869 3320 A
955 3279 1009 3321 70
1039 3278 1108 3320 cui
1128 3295 1154 3319 π
1182 3293 1279 3321 011111
1296 3280 1340 3320 A
1428 3280 1481 3322 73
1510 3280 1586 3334 qui
1611 3295 1637 3319 π
1664 3294 1703 3334 q:
1731 3279 1774 3320 A
1830 3278 2008 3321 deditur
2033 3279 2077 3321 A

171 3365 281 3395 corr.
307 3369 334 3393 π
428 3353 482 3394 74
507 3352 702 3394 faraonis
728 3352 771 3393 A
866 3352 919 3393 76
948 3352 1173 3407 quaerulis
1199 3353 1243 3393 A
1305 3352 1445 3394 facelo
1473 3352 1517 3393 A
1550 3366 1648 3394 corr
1673 3368 1699 3391 π
1794 3352 1847 3393 77
1875 3354 2023 3394 autem
2048 3368 2075 3393 π

174 3427 250 3466 aut
274 3425 316 3465 A
409 3424 464 3466 80
497 3424 609 3466 saria
633 3424 675 3465 A
769 3424 823 3465 82
852 3423 1086 3466 aebraeum
1122 3438 1250 3479 quern
1279 3427 1441 3466 sortem
1472 3459 1479 3466 .
1501 3459 1508 3466 .
1531 3459 1537 3466 .
1560 3459 1566 3466 .
1589 3459 1595 3465 .
1618 3459 1625 3465 .
1654 3437 1808 3465 exosus
1835 3425 1877 3465 A
1911 3437 2022 3467 corr.
2041 3437 2076 3478 p

172 3497 371 3552 iniquum
400 3497 440 3537 A
475 3510 584 3538 corr.
613 3513 638 3536 π

2238 581 2321 623 110

2246 1027 2326 1068 115

2251 1460 2331 1502 120

2253 2357 2334 2399 130

2253 2801 2336 2844 135
