2436 3944
800 379 918 421 Exo
940 378 966 421 d
985 393 1049 421 us
1084 378 1193 423 <2005
1256 378 1367 423 21:22
1966 381 2034 430 85

462 545 506 596 si
547 545 767 597 mauult.
809 543 1066 610 permissa
1107 542 1223 596 sibi.
1268 542 1385 608 quis
1429 543 1661 594 membra
1700 544 1968 609 teguntur,

461 633 766 684 indumenta
805 632 979 698 palam
1019 631 1192 694 faciet,
1234 646 1329 682 nec
1371 630 1555 682 deinde
1597 631 1826 698 negabit,

127 725 233 774 810
370 737 419 778 11
465 722 510 774 si
551 721 693 773 coitu
735 721 805 773 sit
844 723 966 772 nota
1009 720 1140 777 sibi:
1183 721 1287 781 1101,
1332 720 1376 772 si
1415 722 1527 771 rata
1566 735 1668 771 non
1710 722 1833 771 sunt

465 812 592 862 haec
635 810 898 863 conmissa
936 810 1068 872 uiro,
1110 810 1302 877 poterit
1341 811 1510 861 laxare
1554 810 1849 863 uadentem.

365 915 419 955 12
460 916 554 951 nec
594 900 822 966 pretium
861 915 1107 951 reuocare
1150 899 1347 950 datum.
1392 899 1480 965 qui
1521 899 1738 950 uulnere
1782 898 1908 951 duro

462 989 663 1056 adfligit
703 988 991 1054 sternitque
1033 988 1223 1049 uirum,
1268 988 1549 1040 decumbat
1590 987 1789 1050 eodem,

366 1093 420 1134 13
462 1095 562 1145 (1110
604 1078 839 1145 perimet,
879 1078 1017 1139 leto;
1063 1078 1115 1128 at
1157 1077 1201 1128 si
1243 1077 1543 1128 discrimina
1584 1093 1708 1129 casu

127 1170 231 1221 815
461 1170 584 1219 sunt
623 1168 786 1218 inlata
825 1165 1010 1233 magis,
1055 1165 1263 1218 domino
1304 1165 1541 1216 tradente
1584 1167 1859 1217 nocentem

459 1257 654 1308 ictibus
698 1255 932 1307 alterius
975 1256 1124 1307 locus
1169 1257 1249 1306 est
1290 1255 1379 1321 qui
1421 1255 1641 1306 condere
1682 1255 1853 1321 possit

463 1346 759 1398 donandum
799 1345 970 1406 uenia,
1015 1344 1223 1396 domino
1265 1344 1570 1412 indulgente
1613 1345 1855 1396 salutem.

368 1450 422 1490 14
464 1438 515 1486 at
555 1451 678 1486 uero
722 1434 810 1500 qui
850 1434 1084 1484 membra
1126 1433 1244 1486 dolo
1286 1433 1521 1484 uiuentia
1561 1433 1693 1485 ferro

462 1525 638 1576 disicit·
679 1525 730 1575 et
771 1523 943 1575 studio
987 1525 1223 1591 gratatur
1263 1523 1516 1590 sanguine
1557 1522 1693 1586 fus0‚

127 1616 231 1666 820
461 1614 654 1665 crimen
694 1614 853 1665 habet
891 1613 1092 1675 mortis,
1134 1612 1452 1679 nequiquam
1492 1614 1632 1664 tecta
1670 1612 1936 1678 requirens

461 1703 674 1755 sublimi
716 1704 913 1754 sacrata
958 1703 1083 1763 deo;
1127 1718 1246 1753 nam
1289 1702 1516 1753 demitur
1555 1701 1673 1752 inde

466 1792 839 1858 seiunctusque
880 1792 1063 1858 procul
1103 1791 1270 1858 rigido
1313 1791 1643 1843 truncabitur
1683 1807 1820 1842 ense.

292 1896 419 1937 1017
464 1884 529 1933 et·
557 1881 644 1947 qui
687 1881 950 1948 conpellat
989 1881 1190 1932 tumide
1231 1881 1476 1947 pulsatue
1518 1882 1775 1947 parentes,

462 1970 511 2021 in
557 1970 750 2021 crimen
792 1970 971 2021 noxale
1014 1970 1134 2022 ruit.
1179 1970 1318 2035 quod
1358 1971 1524 2022 morte
1565 1969 1753 2036 piatur.

126 2061 231 2110 825
366 2074 419 2114 io
462 2075 555 2111 nec
596 2059 768 2111 minus
818 2059 881 2110 ad
920 2075 1141 2126 poenam
1184 2058 1395 2125 petitur,
1440 2058 1529 2125 qui
1568 2058 1699 2110 forte
1743 2059 1923 2111 doloso

461 2148 688 2214 perfidus
730 2148 939 2215 ingenio
981 2150 1197 2214 paterna
1234 2147 1284 2198 in
1326 2148 1478 2215 plebe
1522 2150 1753 2199 creatum

463 2239 658 2305 cleptat
699 2241 749 2289 et
790 2239 1016 2304 acceptis
1059 2238 1254 2305 gaudet
1291 2238 1636 2290 transcribere
1678 2238 1923 2290 nummis,

368 2343 419 2382 it<
463 2328 601 2393 quod
643 2328 687 2379 si
726 2328 955 2395 litigium
998 2316 1283 2394 fueritper
1322 2328 1482 2378 uerba
1521 2329 1760 2394 paratum

464 2418 809 2483 pulsatusque
852 2417 1040 2483 aliquis
1080 2433 1258 2484 pugno
1302 2433 1527 2483 saxoque
1569 2434 1783 2470 recusso

125 2506 231 2556 8:30
368 2521 418 2560 15)
459 2506 712 2572 reciperet
753 2506 935 2558 solitas
977 2507 1132 2559 uires.
1176 2507 1248 2557 nil
1287 2506 1483 2557 fraudis
1525 2507 1788 2558 haerebit:

458 2595 768 2646 soluendum
810 2598 984 2647 tamen
1027 2598 1122 2648 est.
1166 2595 1393 2661 sumpsit
1433 2595 1572 2661 quod
1606 2612 1727 2647 cura
1761 2597 2035 2649 medentis,

369 2697 422 2738 20
464 2684 706 2735 ancillam
748 2701 1063 2752 seruumque
1106 2702 1261 2737 suum
1302 2685 1391 2751 qui
1430 2687 1643 2737 uerbere
1684 2686 1864 2754 uirgae

459 2773 734 2825 confestim
775 2774 1000 2841 perimit.
1041 2790 1261 2841 poenam
1303 2791 1403 2827 non
1444 2775 1579 2825 uitat
1618 2775 1933 2830 haerentem.

363 2877 415 2917 21
450 2863 597 2927 ‚quod
638 2863 681 2914 si
720 2864 841 2929 post
881 2863 1036 2914 aliam
1075 2864 1328 2915 morietur
1367 2865 1586 2915 uernula
1624 2865 1814 2927 lucem,

124 2952 229 3001 835
458 2951 531 3001 1111
570 2953 751 3003 noxale
789 2953 988 3005 subest.
1030 2953 1256 3018 pretium
1297 2953 1419 3019 quia
1456 2953 1682 3019 perdidit
1722 2954 1849 3006 eius.

364 3054 418 3094 22
461 3041 513 3090 at
553 3040 595 3091 si
637 3041 768 3092 forte
811 3042 937 3092 uiris
978 3042 1200 3093 feruebit
1241 3042 1345 3092 rixa
1388 3043 1608 3096 duobus

181 3212 265 3255 810
315 3214 488 3269 cogitus
541 3214 616 3261 (sit
665 3217 770 3268 om.)
805 3214 848 3256 A
1002 3216 1083 3258 811
1138 3216 1327 3258 comissa
1358 3215 1396 3258 C
1443 3217 1605 3259 omissa
1630 3217 1673 3258 A
1766 3217 1959 3261 uadente
1986 3217 2030 3260 A

122 3286 207 3327 812
226 3286 415 3342 pretium
440 3286 477 3328 (J
565 3286 649 3329 813
670 3287 833 3343 affligit
855 3288 893 3329 (f
981 3289 1066 3330 814
1083 3289 1203 3331 locto
1230 3288 1267 3331 C
1286 3289 1406 3331 lucto
1426 3289 1470 3330 A
1534 3289 1588 3332 ad
1607 3290 1650 3331 A
1735 3291 1819 3333 817
1839 3292 1971 3333 uenia
1995 3291 2034 3335 C

122 3372 227 3401 uera
250 3361 294 3400 A
387 3360 471 3402 819
498 3360 729 3402 dissith
792 3361 1006 3417 gradatur
1036 3362 1073 3404 (ζ’
1161 3363 1245 3405 823
1273 3363 1468 3419 0011011111
1498 3363 1536 3406 C
1557 3364 1780 3420 conpellet
1805 3364 1849 3406 A
1941 3365 2027 3408 825

123 3446 279 3488 penam
304 3433 340 3475 (J
390 3437 570 3489 petatur
586 3434 798 3477 ACcorr.
819 3452 845 3475 π
908 3437 991 3477 827
1012 3435 1210 3491 gaudens
1228 3436 1544 3480 transscribere
1569 3438 1607 3480 C
1664 3439 1748 3480 828
1766 3438 1967 3494 ligitium
1983 3438 2027 3481 A

120 3503 204 3547 829
255 3507 356 3560 que}
406 3520 458 3548 ue
491 3506 535 3548 A
628 3522 779 3549 recuso
814 3508 856 3549 A
1009 3509 1094 3551 830
1143 3509 1317 3552 herebit
1350 3511 1440 3553 AG
1587 3511 1671 3553 8533
1720 3512 1949 3554 herentem
1983 3512 2026 3553 A

121 3578 207 3620 834
254 3579 388 3621 alium
414 3580 456 3621 A
548 3582 763 3624 moriatur
794 3583 837 3624 A
886 3584 1072 3625 moritur
1111 3587 1146 3625 ζ’
1191 3598 1300 3627 corr.
1331 3600 1363 3638 p
1457 3586 1692 3627 uernacula
1721 3586 1809 3626 ΑΓ
1853 3599 1951 3629 corr
1994 3601 2024 3640 p

121 3652 205 3692 835
237 3654 426 3709 pretium
460 3654 496 3692 Γ

2214 637 2301 680 865

2215 1084 2302 1128 870

2215 2432 2302 2475 885

2212 2883 2297 2925 890
