2436 3944
382 372 450 422 48
907 354 1221 414 Cypriani
1269 347 1756 405 heptateucho?

656 540 711 581 -29
754 526 814 575 ut
854 523 1053 588 septem
1094 515 1314 568 fecunda
1357 513 1483 563 satis
1528 511 1597 562 sit
1636 513 1771 561 terra
1804 525 1895 576 per
1936 523 2114 565 annos,

655 627 709 669 30
751 614 902 676 utque
944 608 1135 658 famem
1177 603 1339 654 diram
1378 599 1529 667 parili
1572 615 1689 649 cum
1730 600 1965 664 tempore
2008 596 2197 664 signat,

390 706 527 756 1275
757 699 870 765 quis
911 695 1117 763 penitus
1159 692 1318 743 tellus
1360 688 1661 740 sitientibus
1703 686 1845 737 arida
1882 684 2034 736 uenis

751 785 945 854 pallida
982 783 1231 850 puluereo
1274 780 1550 830 consumat
1590 775 1825 843 gramina
1865 774 2030 826 sulco.

659 891 711 934 32
752 891 870 926 nam
911 887 1039 938 quae
1082 868 1379 936 duplicibus
1418 866 1707 933 iunguntur
1748 863 1950 915 somnia
1989 862 2138 924 uisis,

756 965 894 1015 certa
935 961 1062 1012 deus
1102 959 1279 1009 iuncto
1320 955 1534 1006 mandat
1576 954 1812 1005 constare
1853 953 2084 1002 tonante.

660 1068 712 1109 33
762 1094 779 1113 „
794 1051 925 1114 Quin
936 1049 1112 1117 potius
1126 1047 1249 1098 dum
1260 1048 1468 1111 tempus
1482 1043 1644 1095 adest.
1661 1042 1784 1093 dum
1798 1056 1920 1092 cura
1930 1040 2173 1091 medendi
2194 1042 2288 1097 est,

393 1147 531 1197 1280
761 1140 895 1206 elige
938 1138 998 1188 de
1041 1135 1240 1187 cuncti-„3
1281 1148 1563 1200 procerem.
1607 1130 1696 1197 qui
1734 1129 2003 1197 praescius
2044 1129 2228 1180 horum

663 1245 716 1286 534
756 1227 1018 1279 iudicibus
1058 1223 1244 1291 positis
1285 1224 1451 1274 totam
1492 1219 1733 1272 sublimis
1773 1219 2073 1286 Aegyptum

750 1316 1006 1384 temperet
1046 1314 1097 1364 et
1130 1312 1336 1379 quintas
1372 1325 1698 1377 quacumque
1734 1324 1792 1358 ex
1824 1323 1997 1359 messe
2030 1309 2288 1375 reposcat,

660 1422 713 1463 :35
755 1409 814 1458 ut
853 1420 982 1471 quae
1023 1402 1188 1470 prima
1230 1401 1381 1451 datur
1418 1398 1655 1450 fecundis
1695 1397 1844 1464 copia
1881 1397 2051 1449 terris

659 1510 711 1551 8ss
756 1494 1011 1546 sustineat
1053 1490 1257 1542 steriles
1300 1487 1625 1554 consumptis
1667 1486 1910 1554 frugibus
1953 1492 2163 1537 annos.“

397 1588 531 1637 1285
667 1598 718 1639 537
762 1582 1012 1649 accipitur
1050 1580 1240 1647 plausu
1279 1593 1551 1645 procerum
1596 1577 1853 1628 sententia
1893 1576 2047 1627 uatis.

663 1686 715 1728 39
758 1672 869 1739 ipse
912 1670 1066 1722 etiam
1107 1667 1319 1719 tandem
1361 1666 1540 1717 sedato
1582 1668 1791 1733 pectore
1831 1668 2003 1717 rector

753 1776 875 1810 uera
914 1760 1262 1809 renarrantem
1305 1756 1442 1807 celso
1485 1756 1737 1806 sublimat
1775 1755 1969 1807 honore

662 1863 711 1903 41
756 1847 1178 1915 praefectumque
1219 1845 1366 1895 iubet
1405 1846 1543 1896 totas
1586 1861 1639 1895 se
1681 1844 1810 1895 ferre
1851 1860 1942 1911 per
1981 1844 2153 1895 urbes.

664 1951 718 1991 42
759 1937 875 1987 inde
919 1937 1071 1987 anulo
1116 1935 1340 2002 digitum
1380 1934 1518 1985 uatis
1560 1934 1795 2000 fulgente
1838 1936 2066 1995 coronat,

392 2026 529 2075 1290
753 2024 966 2091 byssina
1003 2040 1122 2075 mox
1164 2039 1342 2075 croceo
1386 2023 1674 2074 circumdat
1712 2023 1873 2089 pallia
1910 2023 2083 2090 pep10‚

752 2111 937 2162 flexilis
978 2111 1213 2161 induitur
1252 2127 1343 2177 per
1383 2111 1577 2162 collum
1621 2111 1848 2162 circulus
1891 2111 2000 2162 auri

659 2214 714 2255 43
759 2204 911 2265 atque
954 2215 1120 2251 nouus
1161 2204 1332 2251 rector
1373 2215 1525 2250 curru
1568 2200 1844 2252 sublimior
1886 2202 2025 2251 extat

754 2289 1117 2353 clamosusque
1158 2303 1341 2354 praeco
1383 2290 1634 2340 terrorem
1674 2288 1864 2340 iudicis
1907 2291 2080 2356 auget.

662 2391 717 2431 45)
760 2377 879 2442 quin
923 2377 1078 2427 etiam
1118 2377 1311 2444 legitur
1352 2377 1586 2439 coniunX„
1631 2378 1715 2429 cui
1755 2394 1942 2430 nomen
1983 2378 2236 2434 AsenneS.

393 2466 529 2516 1295
756 2481 909 2531 quam
942 2465 1122 2532 genuit
1162 2467 1297 2517 claro
1330 2466 1616 2533 Petaphras
1652 2466 1775 2535 <de>
1810 2469 2088 2518 stemmate
2124 2472 2289 2528 uatesr

665 2566 718 2607 50
761 2570 816 2604 ex
858 2569 958 2619 qua
998 2554 1272 2605 confestim
1314 2555 1517 2621 genitor
1555 2556 1614 2605 fit
1651 2555 1869 2623 pignore
1909 2556 2049 2607 bino,

590 2656 639 2695 :31
674 2655 726 2696 522
763 2641 951 2692 dicitur
990 2642 1212 2694 anterior
1250 2643 1537 2696 Manasses.
1579 2644 1749 2695 iunior
1788 2645 2031 2712 Ephrem.

663 2743 716 2784 47
761 2730 917 2797 exigit
955 2730 1137 2798 (hinc)
1174 2733 1324 2783 uates
1366 2734 1624 2800 suggestu
1664 2733 1855 2785 nobilis
1899 2734 2022 2795 3110,

543 2915 670 2971 12901
702 2916 844 2958 Mico:
878 2917 1262 2974 Bissina—peplo.
1295 2919 1499 2975 Prosper.

457 3104 567 3146 1274
592 3105 740 3161 signat
764 3107 807 3148 A
832 3106 989 3162 gignat
1017 3107 1058 3151 G
1145 3109 1256 3151 1275
1282 3110 1488 3165 paenitus
1519 3111 1560 3154 G
1623 3113 1890 3157 setientibus
1921 3114 1962 3157 G
2050 3115 2162 3157 1276
2189 3129 2289 3171 gra-

393 3178 509 3219 mine
547 3177 586 3220 G
709 3179 818 3220 1277
872 3194 1088 3236 namquae
1121 3182 1164 3223 A
1211 3197 1401 3239 namque
1439 3184 1481 3227 G
1615 3186 1726 3229 1278
1774 3188 1925 3231 iuncto
1965 3188 2006 3231 G
2056 3192 2212 3232 cuncto
2246 3187 2291 3229 A

399 3251 508 3292 1280
558 3251 680 3306 elege
706 3252 748 3293 A
864 3254 971 3296 1281
1024 3255 1223 3311 egiptum
1248 3257 1291 3298 A
1409 3258 1520 3301 1282
1572 3260 1750 3315 quintos
1776 3262 1820 3304 A
1937 3263 2049 3306 1283
2084 3266 2221 3318 utque
2246 3264 2290 3305 A

395 3323 523 3365 datus
557 3325 599 3366 A
745 3326 855 3368 1284
890 3328 1107 3371 sustineat
1141 3331 1184 3371 A
1217 3330 1284 3372 ius
1317 3334 1472 3374 teneat
1509 3332 1550 3375 G
1629 3335 1812 3378 stereles
1851 3335 1892 3379 G
1971 3338 2212 3380 consumtis
2246 3338 2290 3380 A

398 3396 508 3438 1290
540 3396 705 3440 bissina
731 3400 820 3441 AG
853 3400 976 3443 Mz’co
1071 3404 1180 3445 1292
1216 3407 1359 3447 exstat
1383 3406 1427 3447 A
1523 3407 1634 3449 1293
1668 3423 1797 3464 preco
1823 3410 1868 3451 A
1978 3411 2091 3454 1294
2123 3411 2291 3467 legitur

395 3482 476 3512 om.
502 3471 634 3513 nulla
661 3473 829 3514 lacuna
852 3474 895 3515 A
959 3475 1112 3517 coniux
1131 3476 1222 3519 AG
1317 3479 1428 3521 1295
1455 3481 1650 3535 pctafras
1671 3482 1763 3524 AG
1826 3483 1878 3525 de
1907 3484 2013 3527 add.
2033 3499 2069 3539 p
2095 3499 2178 3528 om.
2198 3486 2290 3529 AG

395 3542 511 3584 uatis
541 3543 580 3585 G
613 3544 760 3586 fratris
786 3546 827 3586 A
922 3548 1030 3589 1297
1057 3563 1257 3592 manases
1289 3551 1329 3593 G
1393 3553 1541 3595 effrem
1567 3555 1610 3596 A
1706 3557 1817 3599 1298
1853 3558 1990 3613 exigit
2016 3572 2115 3600 cum
2138 3560 2290 3614 spatio

398 3615 589 3657 duarum
623 3617 705 3660 litt.
738 3632 885 3661 uacuo
903 3621 945 3661 A
979 3622 1097 3675 exgit
1120 3623 1160 3663 G
1221 3624 1321 3667 hinc
1357 3626 1463 3669 add.
1489 3641 1525 3682 p
1559 3642 1640 3671 om.
1668 3629 1761 3672 AG
1822 3631 1940 3673 uatis
1966 3631 2059 3673 AG
