2436 3944
881 353 1291 395 Prooemium.
1954 339 2079 389 XXI

227 504 301 553 Ex
343 502 499 552 huius
540 500 660 552 libri
703 499 1005 568 apographo
1064 501 1328 552 Ioannes
1389 499 1732 551 Sichardus
1772 500 1972 567 primus
2017 500 2078 551 de

76 592 511 643 Maccahaeorum
551 589 801 656 martyrio
844 604 1050 640 carmen
1093 588 1258 640 edidit
1288 589 1340 639 in
1373 589 1507 641 libro
1550 588 1867 649 „Antidoton
1902 591 2081 640 contra

78 681 312 732 diuersas
342 679 576 731 omnium
601 678 706 729 fere
741 679 1075 729 saeculorum
1103 678 1346 728 haereses
1383 719 1392 727 .
1432 721 1441 730 .
1479 721 1488 730 .
1518 677 1758 729 Basileae
1794 677 2083 729 excudehat

77 769 335 821 Henricus
383 769 588 829 PetruS.
630 784 810 818 mense
836 767 1081 834 Augusto
1110 783 1241 818 anno
1268 766 1637 818 MDXXVHP‘
1685 767 1794 819 fol..
1836 767 1869 817 f.
1917 766 2081 817 79¹¹—

77 858 246 928 83‘1).
298 857 535 910 Sichardi
579 857 840 923 exemplar
878 857 1071 907 iterum
1112 857 1252 923 typis
1295 856 1697 907 describendum
1733 856 1954 908 curauit.
1991 856 2083 907 sed

75 947 278 999 mendis
335 947 685 1013 inquinatum.
743 946 1003 997 lohannes
1059 945 1259 997 Herold
1323 946 1374 995 in
1439 946 1856 1013 Haeresiologia.
1925 960 2082 1010 quam

76 1023 315 1088 ‘Basileae
358 1035 571 1087 Henrici
612 1036 743 1102 petri
787 1036 978 1102 praelis
1038 1035 1293 1102 expressit
1350 1051 1392 1086 a.
1454 1037 1596 1087 1556
1660 1036 1782 1087 fol.:
1825 1035 2082 1100 tertioqus

79 1126 339 1192 Greorgius
366 1124 639 1176 Fabricius
669 1124 721 1175 in
749 1124 1034 1175 Poetarum
1059 1126 1301 1174 ueterum
1329 1124 1809 1175 ecclesiasticorum
1836 1123 2083 1190 operihue

79 1214 393 1266 christianis.
423 1214 663 1265 Basileae
697 1230 790 1281 per
817 1212 1105 1280 Oporinum
1140 1211 1235 1282 (M.
1262 1213 1326 1264 D.
1355 1213 1577 1283 LXHH)
1606 1216 1659 1264 4⁰
1684 1231 1733 1280 p.
1771 1214 2082 1264 443—453.

77 1304 291 1369 quinon
325 1319 522 1370 paucos
556 1303 702 1354 locos
739 1302 1040 1354 coniectura
1071 1303 1303 1353 mutauit
1322 1300 1380 1371 2).
1440 1302 1531 1369 qui
1578 1304 1763 1370 postea
1811 1301 2086 1353 ediderunt

80 1409 137 1443 ex
180 1392 528 1444 deterioribus
572 1391 842 1443 codicibus
885 1391 1211 1456 aliquantum
1259 1390 1624 1442 Corbeiensem
1668 1392 1870 1442 textum
1914 1406 2084 1441 emen-

77 1483 195 1532 dare
223 1481 556 1533 studuerunt.
595 1481 679 1546 qui
716 1483 910 1542 tamen.
955 1495 1274 1546 quamquam
1310 1481 1372 1531 ab
1409 1480 1607 1548 origine
1650 1480 1887 1532 nonnihil
1919 1481 2085 1531 honae

75 1571 242 1638 frugis
284 1571 528 1629 inhaesit.
574 1574 683 1621 tam
735 1572 1012 1637 corruptus
1044 1571 1139 1620 est.
1172 1571 1232 1619 ut
1264 1585 1326 1620 ne
1368 1569 1419 1619 in
1456 1569 1847 1621 adnotationem
1874 1568 2085 1635 quidem

80 1661 191 1711 eius
248 1661 503 1712 lectiones
562 1660 838 1712 debuerint
894 1658 1057 1726 recipi
1110 1658 1212 1710 nisi
1278 1658 1647 1725 paucissimae.
1707 1661 1757 1710 et
1820 1661 2084 1725 praestare

78 1749 253 1800 uisum
299 1749 368 1800 sit
409 1748 747 1801 Sichardiano
790 1748 958 1799 textui
1001 1748 1349 1803 subscribere.

225 1839 524 1890 Deteriores
566 1839 1001 1890 Maccahaeorum
1048 1837 1255 1890 codices
1307 1853 1462 1904 quam
1508 1837 1560 1888 P
1600 1839 1652 1889 et
1683 1835 2083 1904 intei·polati:³)

224 1927 494 1979 Parisinus
539 1928 681 1979 8093
724 1943 764 1979 s.
808 1927 978 1987 VIIII.
1024 1942 1081 1977 ex
1121 1928 1266 1993 parte
1310 1944 1350 1979 s.
1392 1927 1461 1978 X.
1509 1927 1743 1979 continet
1792 1925 2083 1995 Sedulium,

82 2017 349 2069 Catonem.
405 2017 629 2084 Eugenii
684 2016 872 2067 Isidori
927 2016 1136 2067 Martini
1197 2015 1502 2067 Dumiensis
1559 2014 1775 2067 Damasi
1841 2014 2083 2066 carmina.

80 2105 356 2157 'Pheodulfi
387 2106 642 2171 quaedam
664 2105 743 2173 (E
766 2105 1199 2157 DuemmlerNA
1225 2106 1296 2155 IV
1315 2105 1463 2174 5245).
1499 2104 1732 2156 Hilarii
1760 2104 1828 2154 de
1853 2103 2086 2155 Macca-

82 2195 113 2244 h
129 2210 193 2245 ae
206 2195 222 2244 i
235 2211 257 2246 s
287 2211 311 2246 c
325 2211 350 2245 a
363 2212 448 2245 rm
461 2211 485 2246 e
499 2212 546 2257 n,
560 2195 861 2262 Vergiliana
881 2195 1010 2265 (uid.
1031 2194 1209 2245 Naeke
1230 2194 1294 2245 ad
1312 2194 1581 2246 Valerium
1598 2193 1848 2246 Catonem
1865 2210 1914 2259 p.
1937 2191 2084 2243 344).

81 2284 267 2333 Auieni
296 2285 500 2335 fabulas
536 2284 654 2334 alia.
698 2284 845 2334 breui
885 2284 1094 2335 Riesius
1138 2283 1416 2349 descripsit
1457 2284 1544 2334 AL
1599 2285 1647 2334 Π
1705 2302 1753 2350 p.
1818 2283 1943 2333 ‘XXI
2008 2298 2083 2347 sq.

240 2480 249 2504 ¹
260 2492 274 2531 )
324 2475 565 2532 Gregorius
617 2476 836 2532 Gyraldus
885 2476 929 2517 in
981 2475 1160 2531 dialogo
1211 2475 1263 2518 de
1312 2477 1457 2533 poetis
1504 2477 1582 2519 uhi
1620 2477 1811 2519 Marium
1843 2477 2087 2519 Victorium

83 2551 237 2593 Afrum
274 2565 405 2593 uersu
436 2550 613 2593 heroico
649 2552 817 2605 septem
852 2549 1219 2592 Maccahaeorum
1252 2550 1437 2593 fratrum
1462 2565 1614 2594 necem
1642 2551 1929 2608 descripsisse
1962 2551 2086 2595 dixit.

86 2626 257 2680 pergit:
297 2625 441 2680 ..quod
474 2639 563 2666 non
596 2625 738 2666 multo
773 2630 875 2666 ante
909 2638 1069 2680 poema
1101 2624 1206 2680 legi,
1243 2639 1396 2679 parum
1443 2625 1550 2667 licet
1589 2625 1873 2681 castigatum.
1911 2627 2089 2682 praeter

88 2700 202 2741 enim
238 2700 456 2741 fenestras
493 2713 604 2753 quae
638 2698 683 2740 in
720 2712 769 2740 eo
803 2700 1012 2754 patentes
1046 2698 1286 2754 pleraeque
1337 2699 1546 2750 existunt.
1596 2699 1861 2742 uacillantes
1910 2712 2085 2755 quoque

84 2773 278 2828 syllabas
313 2776 358 2814 et
389 2772 525 2828 pedes
554 2772 859 2814 offendimus.“
885 2771 1085 2814 Sichardi
1111 2786 1198 2813 non
1214 2770 1399 2813 dubium
1427 2773 1532 2827 quin
1560 2773 1783 2829 exemplar
1808 2776 1910 2816 ante
1938 2773 2088 2815 oculos

83 2847 302 2893 hahuerit.
336 2861 424 2888 non
458 2845 669 2901 scriptum
705 2846 899 2900 aliquem
931 2844 1111 2888 librum.

235 2921 266 2972 2)
305 2920 643 2964 Sichardianum
691 2920 916 2975 exemplar
962 2919 1157 2961 Fabricii
1197 2934 1332 2962 ruanu
1381 2923 1624 2963 correctum
1673 2921 1877 2977 possidet
1922 2921 2086 2963 biblio-

86 2995 215 3037 theca
247 2995 372 3049 regia
404 2993 686 3036 Dresdensis.

232 3071 266 3122 2)
315 3069 388 3111 ..P.
430 3067 638 3110 Labheus
675 3069 721 3110 in
740 3067 1055 3111 dissertatione
1088 3068 1302 3110 historica
1336 3068 1388 3111 de
1413 3070 1642 3112 Victorino
1671 3069 1887 3125 quosdam
1913 3068 2087 3111 codices

86 3143 305 3184 Hilarium
339 3142 640 3197 praeferentes
676 3145 1003 3185 commemorat.
1040 3141 1243 3185 Oudinus
1284 3144 1420 3186 etiam
1446 3148 1554 3187 tom.
1583 3144 1634 3186 V.
1661 3144 1714 3186 de
1741 3142 1914 3201 scriptt.
1934 3142 2087 3185 eccles.

87 3231 127 3271 P.
169 3217 283 3259 1230
318 3219 507 3271 quatuor
538 3217 642 3259 Mss.
678 3217 945 3272 exemplaria
976 3216 1149 3258 Hilario
1183 3217 1302 3259 idem
1336 3232 1510 3261 carmen
1544 3217 1851 3260 adiudicantia
1873 3218 2088 3266 recenset.

90 3290 293 3332 nimirum
342 3291 429 3332 tria
477 3290 736 3333 Colhertiua
786 3292 914 3341 1512.
963 3291 1079 3333 3892
1136 3296 1178 3332 et
1235 3293 1353 3334 4734
1407 3308 1456 3336 ac
1503 3306 1639 3334 unuln
1687 3292 1804 3333 inter
1859 3304 2082 3334 suos...

90 3377 262 3405 suorum
302 3364 500 3406 codicum
534 3364 757 3420 praesidio
791 3365 854 3406 ita
888 3378 934 3406 se
986 3378 1160 3407 carmen
1206 3365 1290 3407 hoc
1339 3366 1598 3408 emendasse
1647 3363 1850 3408 Oudinus
1896 3364 2085 3415 monuit,

90 3438 311 3479 utnouum
327 3439 503 3480 omnino
519 3452 627 3494 opus
642 3438 784 3480 uideri
802 3439 987 3494 possit&
1017 3438 1077 3480 sic
1102 3438 1338 3481 Ballerinii
1362 3438 1521 3482 fratres
1542 3440 1586 3481 in
1605 3441 1713 3481 nota
1739 3452 1871 3494 quam
1898 3437 2085 3480 editioni

90 3524 192 3552 suae
229 3513 551 3566 praemiserunt
585 3513 765 3554 (Leonis
798 3512 953 3568 Magni
986 3526 1123 3568 opera
1169 3514 1278 3554 tom.
1312 3516 1353 3558 ΙΙ
1401 3527 1443 3569 p.
1491 3512 1607 3568 343).
1657 3511 1774 3554 unde
1822 3513 1951 3566 patet
1996 3525 2081 3553 non

90 3582 401 3627 Corheiensem
436 3588 687 3627 contextum
715 3586 759 3627 in
788 3585 1054 3627 Oudinianis
1090 3585 1314 3628 codicibus
1342 3586 1492 3630 fuisse.
1521 3586 1597 3629 sed
1632 3585 1806 3641 qualem
1832 3584 1934 3627 libri
1954 3583 2086 3625 PBL

90 3657 316 3711 praebent.
