2436 3944
891 332 1295 391 Prolegornena.
1909 332 2038 376 XVII

216 484 539 536 Ermoldus
579 482 864 550 Nigellus
904 483 956 534 in
997 483 1223 534 carmine
1265 482 1489 550 elegiaco
1530 482 1582 533 in
1621 482 1869 533 honorem
1911 480 2039 531 Hlu-

147 572 321 622 dowici
361 587 408 622 u,
443 570 504 620 17
548 570 635 638 (cs.
666 571 971 621 Duemmler
1011 571 1042 621 1.
1073 585 1113 620 c.
1144 570 1196 620 Π
1235 586 1283 636 p.
1313 568 1392 637 5):

332 687 383 740 si
423 687 586 751 Marc,
626 687 782 751 NasO,
826 685 967 751 Cato,
1010 686 1242 750 FlaccUS,
1285 686 1542 750 LucanuS,
1583 685 1860 749 HomerUS,

404 774 605 825 Tullius
647 776 697 824 et
735 773 929 838 Macer,
972 772 1147 824 Cicero
1189 773 1297 823 siue
1338 773 1503 838 Plato,

276 891 278 895 ·
333 861 568 914 Sedulius
610 876 808 912 necnon
849 860 1160 911 Prudentius
1202 862 1356 926 atque
1396 860 1704 911 quencus

406 947 503 1000 Seu
545 948 878 1013 FortunatuS,
918 948 1139 1013 Prosper
1180 949 1229 997 et
1268 947 1375 1013 ipse
1415 947 1563 1012 foret,

334 1035 521 1087 Omnia
560 1036 773 1086 famosis
815 1035 897 1085 uix
937 1037 1149 1102 possent
1189 1035 1405 1085 condere
1448 1035 1601 1085 cartis

405 1122 577 1189 Atque
619 1138 770 1173 suum
811 1121 1011 1173 celebre
1052 1122 1170 1172 hinc
1211 1122 1470 1187 duplicare
1512 1122 1690 1173 melos

222 1238 549 1290 Hrabanus
592 1239 650 1289 de
691 1238 1014 1289 institutione
1056 1238 1359 1289 clericorum
1399 1237 1540 1289 LIII
1581 1253 1621 1288 c.
1656 1236 1719 1287 18
1761 1237 1845 1305 (cf.
1883 1238 2045 1305 Mign.

152 1330 186 1378 t.
222 1324 338 1391 107,
379 1342 426 1392 p.
458 1324 610 1393 396):

224 1413 389 1477 Quam
443 1413 504 1464 ob
558 1428 667 1463 rem
709 1428 809 1464 non
851 1415 928 1464 est
969 1412 1259 1479 spernenda
1298 1413 1422 1463 haec
1475 1414 1712 1478 quamuis
1771 1412 2050 1480 gentilibus

152 1500 442 1551 communis
484 1499 745 1567 (metrica)
787 1501 933 1564 ratic,
989 1500 1077 1550 sed
1114 1502 1369 1565 quantum
1411 1500 1537 1551 satis
1580 1504 1659 1551 est
1698 1500 2051 1567 perdiscenda,

154 1588 271 1652 quia
312 1588 486 1652 utique
530 1588 681 1638 multi
723 1587 1006 1654 euangelici
1047 1587 1145 1638 uiri
1184 1587 1416 1655 insignes
1456 1587 1612 1638 libros
1652 1587 1748 1638 hac
1789 1590 1897 1638 arte
1934 1602 2053 1638 oon-

154 1675 391 1725 diderunt
432 1678 481 1725 et
522 1674 612 1724 deo
653 1675 855 1741 placere
897 1691 987 1740 per
1026 1674 1077 1724 id
1116 1677 1433 1741 satagerunt,
1487 1677 1543 1725 ut
1582 1675 1680 1725 fuit
1719 1675 2051 1739 quencUS,

155 1762 407 1825 Sedulius,
444 1761 647 1826 Arator,
682 1761 936 1826 AlcimUS,
980 1760 1237 1826 Clemens,
1277 1761 1528 1812 Paulinus
1570 1764 1619 1812 et
1646 1762 1963 1813 Fortunatus
2005 1764 2054 1812 et

155 1849 342 1899 caeteri
382 1848 598 1916 multi.¹)

231 1934 573 1986 Commendat
636 1936 923 1986 iuuencum
983 1936 1458 1987 Wandelbertus
1518 1936 1902 1987 Prumiensis
1968 1935 2052 2002 (cf.

806 2022 899 2038 -p-‚r

158 2023 459 2073 Duemmler
498 2024 529 2073 1.
562 2039 601 2073 c.
633 2024 684 2074 ΙΙ
723 2041 772 2090 p.
802 2024 929 2091 010)
972 2040 1019 2074 u.
1050 2022 1143 2073 22:

571 2154 740 2205 Pollet
779 2154 1057 2222 Gregorius
1100 2155 1349 2220 nitetque,
1390 2156 1572 2205 laude

575 2241 897 2292 Dictorum
938 2242 1166 2293 uolitat
1204 2242 1538 2306 quencus,
1581 2242 1654 2292 illi

577 2327 874 2379 Coniunctis
917 2329 1095 2395 spatiis
1135 2328 1326 2379 Arator
1365 2330 1542 2380 haeret

576 2415 948 2482 Prudentique,
990 2417 1145 2466 deum
1186 2416 1417 2467 canendo
1457 2416 1607 2467 uiuis

235 2545 445 2596 Praeter
485 2545 576 2596 hos
619 2546 775 2597 etiam
818 2547 943 2597 alios
986 2547 1169 2597 horum
1208 2549 1499 2612 temporum
1530 2546 1803 2613 scriptores
1832 2549 1889 2597 ut
1916 2545 2062 2597 Can-

165 2631 366 2683 didum
417 2632 812 2697 Fuldensem,
862 2633 1314 2684 Walahfridum
1369 2633 1760 2698 Strabonem,
1816 2634 2062 2684 Florum

166 2719 668 2785 Lugdunensem,
699 2723 1009 2770 auctorem
1051 2721 1188 2771 uitae
1230 2721 1551 2787 Leudegarii,
1593 2721 2063 2787 Engelmodum,

165 2805 518 2856 Audradum
568 2807 781 2857 quenci
830 2808 1050 2874 uestigia
1095 2808 1344 2873 pressisse
1393 2811 1553 2858 testes
1602 2811 1723 2858 sunt
1769 2808 2067 2858 Duemmler

169 2895 218 2942 et
258 2892 477 2956 Traube,
528 2894 747 2944 editores
789 2899 1057 2961 poetarum
1099 2895 1213 2944 aeui
1243 2894 1489 2954 Carolini3
1533 2894 1593 2945 cf.
1631 2895 1902 2961 praecipue
1943 2897 1976 2944 t.
2016 2894 2065 2944 II

169 2995 215 3044 p.
251 2977 299 3043 2,
341 2978 456 3044 157,
498 2979 619 3045 2652,
660 2979 765 3030 508
820 2981 1053 3032 addenda
1094 2984 1143 3032 et
1183 2982 1579 3032 commentarios
1622 2981 1938 3032 carminibus
1980 2981 2067 3031 ad-

171 3065 316 3116 ditos.

244 3152 616 3220 Smaragdus
646 3155 695 3205 in
726 3156 870 3220 epist.
902 3158 952 3205 et
981 3156 1250 3222 euangelia
1279 3155 1365 3221 (cf.
1396 3156 1558 3222 Mign.
1592 3159 1625 3206 t.
1662 3154 1777 3220 102,
1810 3154 1923 3223 72):
1964 3154 2066 3205 Alii

174 3239 349 3290 dicunt
389 3244 600 3307 nepotes
640 3242 855 3292 Balaam
898 3258 1008 3292 esse
1050 3242 1139 3293 filii
1173 3243 1322 3306 Beor,
1365 3242 1485 3307 quia
1525 3245 1718 3293 sectam
1761 3243 1868 3292 eius
1909 3242 2068 3310 secuti

174 3329 308 3376 sunt.
387 3327 472 3377 alii
514 3328 688 3379 dicunt
728 3329 914 3379 Persas
955 3329 1134 3393 fuisse,
1176 3332 1233 3379 ut
1274 3332 1465 3379 metro
1509 3329 1809 3381 Canorius
1851 3328 1996 3378 dicit:

185 3439 314 3489 Tum
356 3440 501 3491 ‘lubet
542 3451 587 3492 et
626 3443 810 3493 Perses
851 3442 1067 3493 celerem
1101 3443 1421 3511 pertendere
1460 3462 1693 3512 yressum
1745 3445 1828 3509 (cf.
1865 3444 1880 3492 l
1924 3441 2069 3505 241).

256 3630 284 3680 ¹)
317 3627 369 3668 es.
406 3628 535 3669 etiam
570 3630 771 3671 Ruodolfi
808 3630 949 3673 ulmal.
989 3630 1110 3672 Fuld.
1147 3645 1243 3672 ann.
1278 3632 1371 3675 844.

267 3706 379 3738 xle.
409 3707 485 3737 luu.
1791 3703 1814 3740 b
